1732 2878
901 66 952 105 28

304 173 378 213 His
415 173 532 213 rebus
571 173 838 223 grammaticis
876 173 1066 225 expositis
1104 154 1279 213 Philonis
1319 179 1535 213 sermonem
1573 173 1627 214 ad

217 237 322 276 artis
355 250 531 276 normam
564 238 780 287 exigamus.
835 238 1006 277 Primum
1045 238 1163 287 igitur
1191 238 1399 277 dicendum
1425 237 1539 276 nobis
1567 242 1627 278 est

226 313 302 351 quo
330 302 371 340 in
398 314 540 352 genere
569 302 621 341 sit
648 302 784 353 lingua
801 302 1002 342 Philonea.
1045 303 1143 342 Tres
1172 303 1274 342 enim
1302 301 1626 353 dicendiffigurae

226 369 317 405 sunt
343 366 383 404 in
411 367 552 416 quibus
581 367 707 406 omnis
745 367 870 406 oratio
904 371 1082 406 versatur
1109 367 1242 417 gravis
1269 379 1360 418 una,
1398 367 1522 406 altera
1548 367 1625 406 me-

225 429 369 469 diocris
396 431 513 470 tertia
541 434 756 470 attenuata.
811 431 991 470 Elocutio
1020 435 1150 470 autem
1177 431 1404 483 plerumque
1432 442 1519 470 eum
1546 443 1624 471 mo-

225 494 331 534 ribus
358 495 557 535 hominum
586 497 822 536 conveniens
851 500 921 535 est.
964 496 1097 535 Facile
1125 496 1243 546 igitur
1270 490 1434 547 apparet
1452 495 1625 536 Philonis

225 563 360 598 saneto
389 560 546 609 ingenio
574 573 653 599 non
681 561 789 600 aliud
824 560 982 599 dicendi
1009 572 1133 610 genus
1161 560 1320 612 probari
1347 560 1523 614 potuisse
1549 559 1625 599 nisi

225 636 347 674 grave
379 624 477 663 illud
513 625 619 674 quod
656 626 803 665 severis
838 626 954 665 rebus
989 638 1062 676 par
1098 629 1213 665 esset.
1270 624 1514 674 Quamquam
1548 637 1626 664 non

224 700 312 727 raro
341 688 393 727 ad
421 688 596 728 infimum
624 701 841 729 sermonem
870 689 1056 741 delapsus
1085 693 1154 728 est.
1197 689 1272 728 Illa
1291 689 1393 729 enim
1414 688 1625 739 allegorica

224 752 440 805 scripturae
478 766 615 794 sacrae
650 754 919 806 interpretatio
959 754 1021 794 cui
1055 754 1216 794 nimium
1249 753 1479 805 indulgebat
1506 765 1625 806 saepe

225 818 263 856 in
293 818 404 857 arido
442 822 481 857 et
515 820 707 868 exsangui
743 819 900 858 dicendi
928 831 1072 869 genere
1100 831 1188 858 eum
1217 818 1393 858 detinuit.
1450 818 1530 857 Sed
1557 819 1624 857 ubi

224 882 356 921 sanior
391 882 435 921 fit
471 883 595 922 oratio
625 882 960 923 abundantissime
996 882 1092 923 fluit.
1150 883 1272 923 Cavet
1299 886 1430 923 tamen
1457 881 1624 935 philoso-

224 947 324 997 phus
362 952 493 986 noster
529 960 578 987 ne
616 948 655 985 in
691 960 778 986 eam
813 960 930 997 quam
961 949 1095 998 inepta
1123 948 1341 997 tautologia
1368 947 1483 986 affert
1510 948 1624 986 satie-

224 1013 345 1049 tatem
373 1011 557 1050 incurrat.
601 1012 700 1050 Sunt
728 1011 885 1062 quidem
913 1012 989 1051 loei
1016 1012 1057 1051 in
1085 1012 1225 1062 quibus
1252 1011 1327 1051 hoc
1354 1011 1491 1051 vitium
1510 1011 1623 1051 inest.

225 1075 304 1114 Sed
331 1075 543 1115 videndum
573 1080 632 1115 est
660 1077 912 1128 scriptorisne
940 1077 1064 1127 ipsius
1091 1076 1333 1126 negligentia
1359 1080 1494 1115 natum
1523 1089 1578 1125 an!
1600 1089 1625 1115 a

223 1139 317 1178 viris
346 1139 472 1178 doctis
510 1142 595 1190 ejus
624 1141 791 1179 orationi
826 1141 1062 1179 inculcatum
1090 1140 1152 1179 sit.
1208 1140 1326 1179 Verbi
1355 1151 1475 1179 eausa
1503 1139 1626 1179 edidit
1660 1172 1662 1174 .

224 1203 503 1244 Constantinus
530 1205 880 1245 Tischendorf
909 1205 958 1245 de
985 1209 1129 1257 poster.
1159 1204 1272 1244 Caini
1298 1218 1337 1256 p.
1367 1207 1444 1244 230
1473 1205 1523 1244 M.
1562 1201 1624 1247 ὥς·

223 1282 289 1319 περ
329 1269 359 1306 δ’
398 1265 482 1306 ὅταν
519 1273 602 1311 ναῦς
641 1269 777 1320 σαλεύῃ
806 1267 1072 1308 ταλαντεόουσα
1107 1268 1179 1307 τότ’
1215 1267 1296 1307 οὔτε
1324 1271 1426 1307 πλεῖν
1456 1265 1539 1307 οὔτε
1567 1267 1625 1320 ὁρ-

224 1334 302 1383 μεῖν
332 1331 422 1370 ἐστιν
453 1334 554 1384 ἱκανὴ
586 1332 828 1386 ὃιαφερομένη
859 1332 899 1372 δὲ
930 1329 1003 1372 ὦδε
1031 1332 1178 1372 κάκεῖσε
1204 1331 1293 1384 πρὸς
1315 1331 1483 1385 ἑκάτερον
1502 1337 1623 1384 τοῖχον

223 1395 404 1435 ἀποκλίνει
433 1399 491 1435 καὶ
526 1398 799 1436 &aka-credonem
837 1396 1015 1449 ἀντιρέπει
1052 1396 1164 1441 οὓτως
1194 1397 1212 1435 ὁ
1244 1401 1381 1449 φαῦλος
1409 1401 1484 1436 κτλ.
1522 1410 1623 1448 quae

221 1462 343 1499 verba
370 1461 472 1501 hane
499 1462 645 1501 habent
673 1462 927 1502 offensionem
955 1463 1060 1512 quod
1088 1462 1184 1501 nihil
1211 1474 1370 1513 prorsus
1391 1461 1622 1501 discriminis

222 1530 283 1564 est
318 1526 418 1565 inter
454 1527 613 1566 verbum
650 1526 815 1564 σαλεύειν
850 1532 889 1566 et
924 1525 1165 1564 ταλαντεύεινε
1206 1531 1244 1565 et
1280 1531 1411 1565 tamen
1447 1527 1487 1564 in
1523 1527 1621 1565 libro

221 1589 412 1628 Vaticano
442 1591 499 1629 sie
527 1591 714 1643 scriptum
750 1603 837 1630 esse
864 1591 1018 1630 videtur
1054 1589 1169 1641 ὥςπερ
1198 1591 1228 1628 δ’
1260 1587 1344 1628 ὅταν
1372 1593 1457 1632 ναῦς
1486 1587 1621 1640 σαλεύῃ

221 1653 495 1692 buxata-edoma
531 1658 605 1694 κτλ.
662 1656 979 1695 Molestissimum
1020 1660 1151 1694 autem
1192 1655 1290 1693 illud
1332 1660 1391 1694 est
1432 1655 1537 1704 quod
1573 1655 1622 1693 de

220 1718 354 1756 mundi
396 1719 489 1770 opis.
532 1732 569 1770 p.
601 1721 623 1758 6
653 1720 701 1758 M.
745 1719 901 1771 scripsit
937 1719 1140 1758 Mueller
1181 1716 1242 1756 τὸν
1285 1716 1326 1756 δὲ
1368 1716 1522 1770 ἀόρατον
1564 1718 1621 1756 καὶ

220 1781 348 1833 νοητὸν
380 1785 477 1822 θεῖον
506 1782 613 1834 λόγον
642 1786 700 1822 καὶ
732 1785 818 1822 θεοῦ
848 1782 954 1833 λόγον
984 1783 1104 1822 εἰκόνα
1134 1781 1231 1833 λέγει
1253 1784 1351 1822 θεοῦ.
1395 1784 1497 1824 Nam
1516 1783 1620 1833 quod

220 1848 368 1886 monuit
387 1861 447 1887 vv.
477 1847 538 1885 τὸν
567 1849 666 1886 θεῖον
695 1847 802 1898 λόγον
832 1848 1087 1898 ambiguitate
1117 1848 1288 1898 quadam
1305 1847 1484 1887 laborare
1504 1859 1620 1897 quam

220 1912 272 1951 ad
300 1913 513 1952 tollendam
542 1913 632 1951 θεοῦ
661 1911 768 1963 λόγον
803 1912 1013 1952 adderetur
1049 1913 1090 1952 id
1126 1913 1253 1964 ipsum
1281 1913 1320 1951 in
1350 1924 1470 1952 causa
1498 1911 1619 1950 fuisse

219 1976 373 2015 videtur
409 1990 529 2027 quare
566 1977 703 2016 doetus
742 1978 883 2027 aliquis
916 1977 1043 2027 homo,
1081 1980 1124 2016 ut
1151 1977 1207 2027 fit,
1244 1977 1283 2015 in
1320 1976 1494 2026 margine
1521 1975 1619 2014 haec

218 2041 339 2079 verba
366 2042 539 2091 posuerit
567 2042 671 2080 unde
699 2042 816 2081 facile
845 2042 883 2079 in
913 2045 1061 2080 textum
1090 2042 1259 2092 irrepere
1278 2044 1470 2091 poterant.
1514 2039 1618 2079 Satis

219 2109 349 2144 autem
379 2105 563 2145 distincta
592 2110 652 2145 est
681 2106 805 2144 oratio
835 2106 918 2145 sine
946 2106 1022 2145 isto
1053 2105 1333 2144 additamento.
1375 2105 1515 2154 Itaque
1541 2114 1618 2142 non

217 2183 305 2209 raro
335 2169 451 2219 Λόγος
479 2171 544 2210 ille
572 2171 783 2210 Philoneus
812 2183 881 2222 per
909 2170 981 2210 has
1008 2182 1126 2210 voces
1156 2172 1253 2211 θεῖος
1282 2168 1389 2219 λόγος
1417 2169 1523 2208 nullo
1552 2167 1618 2206 ad-

218 2236 299 2274 dito
338 2236 458 2274 verbo
497 2235 702 2285 indicatur,
736 2239 778 2273 ut
813 2235 853 2273 in
890 2234 1028 2273 eodem
1065 2235 1163 2273 libro
1201 2234 1319 2285 paulo
1347 2237 1438 2285 post
1464 2246 1502 2284 p.
1534 2234 1555 2272 7
1599 2229 1617 2267 ὁ

219 2298 282 2351 μὲν
322 2295 382 2337 οὖν
422 2297 610 2350 ἀσώματος
645 2298 778 2351 κόσμος
815 2296 887 2350 ἤδη
926 2297 1037 2351 πέρας
1072 2298 1169 2350 εἶχεν
1199 2299 1353 2350 ἱδρυθεὶς
1383 2296 1420 2336 ὲν
1448 2300 1499 2350 τῷ
1528 2295 1616 2347 θείῳ

218 2363 315 2415 λό-μρ
344 2367 418 2403 κτλ.
463 2364 673 2403 Ornandae
700 2378 792 2403 vero
823 2365 1005 2403 dictionis
1025 2364 1137 2402 Philo
1167 2364 1201 2402 si
1229 2364 1315 2412 quis
1344 2364 1444 2402 alius
1473 2362 1616 2402 studio-

217 2430 393 2468 sissimus
430 2433 500 2468 cst.
557 2429 696 2478 Itaque
731 2429 770 2467 in
803 2418 1009 2468 ver'borum
1046 2427 1199 2467 delectu
1235 2427 1310 2467 hoe
1338 2428 1508 2466 maxime
1535 2425 1617 2476 agit

215 2497 258 2532 ut
297 2505 397 2543 quae
437 2496 626 2543 cujusque
664 2493 720 2531 rei
760 2492 1009 2531 ornatissima
1036 2492 1157 2531 verba
1191 2492 1357 2532 inveniri
1385 2491 1538 2543 possint
1565 2488 1616 2537 ad

216 2558 430 2597 orationem
460 2557 722 2598 decorandam
753 2551 932 2597 asciseat.
977 2557 1120 2596 Multus
1148 2556 1266 2607 igitur
1294 2560 1354 2596 est
1383 2556 1489 2608 apud
1516 2555 1616 2595 hunc
