1732 2878
859 85 886 122 4

165 189 290 229 nubes
317 190 492 229 locorum
519 190 680 241 probat,
714 202 813 239 quos
841 203 891 230 ex
926 191 976 230 iis
1005 191 1232 244 desumptos
1261 193 1343 232 suis
1370 192 1480 232 libris
1506 192 1575 231 im-

165 254 332 293 miscuit.
389 254 559 293 Maxime
606 257 738 293 autem
781 254 1071 306 philosophiam
1108 255 1348 296 Graecorum
1392 256 1574 307 callebat,

165 321 278 368 quus
305 318 455 357 nullum
484 322 569 357 erat
595 331 720 368 genus
749 318 855 368 quod
888 332 967 358 non
1004 320 1337 371 complecteretur.
1393 320 1497 366 Quid
1525 320 1575 359 de

165 385 252 433 ejus
270 382 513 421 Platonismo
542 382 701 421 dicam?
738 382 905 422 Divinus
933 383 999 422 ille
1019 383 1247 423 academiae
1267 388 1404 423 auctor
1422 384 1574 423 initium

165 443 270 487 eiset
297 446 386 487 finis
404 447 563 498 legendi
582 451 678 487 erat.
716 447 818 486 Hinc
838 451 1004 499 apparet
1023 460 1073 488 ex
1092 449 1249 500 optimis
1268 449 1377 489 libris
1397 449 1574 489 Graecae

163 512 323 561 linguae
358 512 562 550 Philonem
598 512 767 550 traxisse
810 512 1025 551 scientiam.
1083 512 1197 558 Quod
1238 514 1352 552 nobis
1388 513 1574 552 memoria

164 575 375 615 tenendum
404 579 475 627 est,
504 580 547 615 ut
574 579 681 616 recte
709 576 759 616 de
787 589 833 616 eo
862 588 938 627 quo
972 577 1058 629 ipse
1094 590 1189 618 usus
1218 581 1278 618 est
1306 589 1483 618 sermone
1511 579 1574 629 ju-

163 641 349 680 dicemus.
404 642 495 680 Jam
521 653 614 680 vero
644 641 879 680 accedamus
908 641 961 680 ad
987 642 1207 682 institutum
1235 646 1421 682 nostrum.

245 834 409 873 Constat
427 846 541 873 usum
561 846 648 873 esse
667 834 871 874 Philonem
891 847 939 874 ea
959 835 1128 874 dialecto
1145 846 1246 884 quae
1261 847 1379 884 quum
1396 835 1574 874 omnibus

163 899 446 939 recentioribus
474 899 713 939 Graecorum
749 900 936 939 librorum
974 900 1199 940 auctoribus
1229 900 1377 939 usitata
1405 900 1522 940 fuerit
1549 913 1574 939 a

163 965 431 1013 grammaticis
450 968 614 1002 vocatur
642 962 756 1013 κοινή.
813 965 922 1003 Haec
952 965 1027 1004 etsi
1056 977 1105 1003 ex
1124 964 1255 1003 Attico
1280 976 1458 1016 sermone
1486 968 1573 1003 orta

163 1029 328 1068 multum
356 1032 488 1068 tamen
516 1028 566 1067 ab
596 1041 642 1068 eo
681 1028 945 1080 discrepabat.
1001 1029 1218 1068 Atticorum
1252 1029 1355 1068 enim
1388 1029 1523 1079 lingua
1551 1041 1572 1068 e

162 1093 302 1131 Piraeo
332 1097 470 1132 evecta
498 1104 616 1142 quum
644 1096 729 1130 tota
747 1093 845 1131 Asia
872 1093 1188 1143 peregrinaretur
1207 1097 1246 1131 et
1265 1105 1400 1131 omnes
1422 1093 1572 1132 insulas

161 1160 391 1208 peragraret
418 1156 562 1195 multas
590 1156 710 1195 subiit
737 1157 984 1196 mutationes.
1040 1157 1076 1196 A
1103 1160 1236 1196 nostro
1257 1160 1388 1196 autem
1409 1156 1571 1196 consilio

162 1234 241 1260 non
268 1221 439 1260 alienum
468 1221 542 1259 erit
570 1232 639 1259 eas
666 1212 917 1271 perlustrare,
947 1233 1065 1270 quum
1083 1221 1132 1260 iis
1151 1221 1361 1271 incognitis
1381 1221 1430 1260 de
1449 1221 1573 1272 ipsius

165 1285 341 1324 Philonis
371 1297 549 1324 sermone
577 1288 682 1323 recte
705 1285 880 1335 Judicari
907 1289 1087 1335 nequeat.
1143 1285 1201 1324 Ac
1228 1285 1394 1337 primum
1416 1285 1572 1336 quidem

162 1350 375 1389 tenendum
403 1353 463 1388 est
481 1350 685 1399 vulgarem
713 1349 900 1399 loquendi
927 1344 1119 1389 rationem
1146 1350 1187 1388 in
1206 1350 1303 1389 Asia
1331 1354 1370 1389 et
1389 1350 1571 1401 Aegypto

161 1415 278 1465 longe
298 1414 508 1454 deflexisse
528 1414 578 1452 ab
598 1426 645 1453 eo
666 1426 844 1453 sermone
863 1414 930 1464 qui
948 1414 1058 1453 libris
1078 1414 1370 1454 conscribendis
1394 1414 1572 1453 adhiberi

162 1480 327 1519 solebat.
383 1479 571 1518 Homines
611 1479 714 1518 enim
750 1479 898 1530 plebeji
940 1468 1134 1518 Graecum
1178 1492 1396 1518 sermonem
1439 1479 1571 1518 multis

160 1544 366 1583 vocabulis
393 1544 714 1593 inquinaverunt,
752 1556 853 1593 quae
890 1556 939 1582 ex
976 1556 1048 1582 sua
1084 1544 1257 1594 ipsorum
1294 1544 1429 1593 lingua
1465 1544 1570 1582 inve-

160 1608 320 1649 hebant.
378 1607 457 1648 Sed
503 1608 713 1660 scriptores
760 1608 957 1658 ceterique
1000 1608 1176 1648 homines
1216 1608 1362 1647 literati
1397 1612 1570 1648 veterem

162 1673 320 1713 dicendi
357 1677 480 1712 artem
522 1673 665 1711 imitati
713 1673 945 1712 emendatae
985 1673 1152 1711 orationi
1198 1673 1439 1712 studuerunt.
1495 1672 1572 1718 Qui

161 1750 280 1788 quum
308 1742 347 1777 et
374 1738 451 1788 ipsi
484 1737 645 1776 nomina
673 1749 721 1775 ac
748 1737 869 1776 verba
905 1736 1107 1776 flectentes
1134 1750 1259 1776 novas
1287 1737 1432 1776 formas
1459 1737 1569 1776 libris

161 1803 242 1842 suis
276 1802 557 1851 immiscerent,
586 1814 665 1839 non
693 1801 771 1840 illis
799 1801 860 1840 usi
891 1804 980 1840 sunt
1008 1801 1237 1840 monstrosis
1266 1813 1339 1840 nee
1367 1801 1467 1840 adeo
1496 1801 1569 1840 fre-

161 1867 389 1917 quentibus,
429 1870 472 1905 ut
501 1866 625 1905 oratio
664 1865 959 1905 deformaretur.
1017 1865 1148 1904 Etiam
1175 1866 1216 1904 in
1249 1866 1454 1905 verborum
1481 1878 1570 1904 con-

163 1931 440 1971 structionibus
455 1931 577 1971 variis
591 1930 653 1969 usi
669 1935 759 1970 sunt
778 1930 960 1980 licentiis,
980 1943 1059 1968 non
1079 1930 1185 1979 quod
1203 1930 1361 1969 barbari
1381 1934 1420 1969 et
1437 1930 1570 1980 legum

161 1996 506 2047 grammaticarum
542 1995 656 2034 inscii
693 1995 837 2034 fuerint
872 1994 943 2034 sed
980 1995 1073 2045 quia
1110 1998 1222 2034 extra
1256 1994 1443 2034 terminos
1471 2006 1568 2045 quos

127 2070 131 2075 ·
161 2065 314 2100 veteres
351 2061 471 2099 Attici
508 2061 584 2099 sibi
621 2060 924 2109 constituerant,
960 2060 1108 2109 egressi
1146 2063 1247 2098 sunt.
1304 2058 1430 2105 Quum
1466 2060 1570 2098 enim

160 2125 294 2164 multis
322 2125 452 2164 verbis
479 2124 538 2163 illi
567 2124 723 2163 omnino
761 2124 1044 2163 abstinuissent
1078 2127 1147 2162 aut
1180 2124 1239 2177 ita
1273 2123 1335 2162 usi
1368 2127 1499 2162 essent
1526 2127 1570 2162 ut

161 2201 298 2229 casum
315 2202 394 2228 non
418 2189 619 2239 adderent,
648 2190 688 2239 ii,
718 2189 785 2238 qui
803 2193 894 2240 post
912 2188 1129 2228 Alexandri
1147 2188 1373 2227 Macedonis
1392 2192 1570 2239 tempora

159 2254 412 2305 scripserunt,
440 2265 518 2291 non
546 2253 672 2292 solum
699 2253 777 2291 ista
795 2253 917 2292 verba
944 2252 1258 2302 frequentabant,
1287 2263 1421 2291 verum
1449 2252 1568 2291 etiam

160 2331 211 2358 ex
239 2318 318 2358 alio
338 2317 460 2357 alium
479 2329 614 2357 casum
632 2317 855 2357 nectebant.
903 2317 1078 2356 Similem
1095 2317 1287 2356 rationem
1306 2317 1348 2356 in
1365 2316 1568 2368 particulis

160 2382 400 2435 usurpandis
428 2382 553 2422 secuti
580 2394 697 2420 unam
735 2387 774 2421 et
802 2382 967 2420 alteram
994 2394 1072 2420 non
1101 2394 1147 2420 eo
1176 2385 1328 2420 tantum
1355 2381 1472 2421 modo
1501 2381 1568 2420 ad-

160 2448 369 2487 hibuerunt
387 2459 464 2497 quo
483 2451 638 2487 veteres
657 2447 790 2497 Attici,
817 2446 887 2486 sed
907 2446 961 2485 ad
979 2459 1103 2486 novas
1123 2446 1241 2486 etiam
1260 2445 1568 2497 significationes

160 2512 431 2551 traduxerunt.
470 2512 550 2551 Sed
570 2512 743 2550 maxima
761 2512 862 2550 inter
876 2515 1029 2550 veteres
1049 2515 1088 2550 et
1105 2512 1342 2551 recentiores
1358 2511 1568 2562 scriptores

160 2576 383 2616 differentia
420 2576 591 2615 cernitur
628 2576 668 2614 in
713 2576 920 2615 verborum
956 2575 1122 2614 delectu.
1178 2575 1420 2614 Posteriores
1464 2575 1567 2614 enim

1606 28 1698 46 ......
