1732 2878
771 103 820 145 21

101 215 167 255 lib.
197 211 247 252 de
274 210 408 250 mundi
435 210 528 263 opif.
556 224 595 263 p.
618 213 638 250 1
668 212 718 251 Μ.
747 212 804 251 sie
832 211 977 251 editur:
1005 208 1045 249 τὸ
1076 209 1141 262 μὲν
1171 206 1233 249 οὖν
1261 208 1397 249 κάλλοσ
1424 212 1495 248 τῶν

101 276 290 330 νοημάτων
325 279 390 326 τῆς
425 275 656 326 κοσμοποιίας
693 274 808 319 οὐδεὶς
846 273 927 315 οὔτε
964 274 1115 328 ποιητὴς
1151 272 1233 315 οὔτε
1269 272 1496 327 λογογράφος

102 343 206 386 ἀξίως
234 338 433 391 ἀνυμνῆσαι
461 338 613 378 δύναιτο.
668 341 731 379 Ita
764 341 866 379 enim
902 338 1100 390 ἂνυμνῆσαι
1137 340 1324 391 scriptum
1360 342 1421 378 est
1453 339 1495 377 in

103 406 212 448 libris
240 417 334 444 msc.
364 407 402 443 et
421 404 552 444 multis
581 409 620 444 ct
636 405 749 444 bonis
776 409 820 444 ut
847 401 890 443 ἄν
913 405 1106 456 particula
1124 408 1315 456 appareat
1332 416 1358 444 a
1374 404 1494 443 verbo

101 471 256 523 ὑμνῆσαι
283 469 477 520 dirempta
511 468 614 508 unde
646 469 874 520 intelligitur
909 470 950 508 in
977 469 1115 509 ceteris
1142 469 1241 509 haec
1269 468 1345 508 duo
1373 468 1495 508 verba

100 548 169 590 por
195 534 441 574 librariorum
468 533 747 584 negligentiam
781 534 822 573 in
848 547 965 574 unum
993 533 1156 573 confusa
1184 545 1282 573 esse.
1335 533 1495 573 Rectius

102 601 220 653 igitur
256 598 455 639 scribitur:
499 595 603 640 ἀξίως
639 596 681 635 ἂν
716 597 870 648 ὑμνῆσαι
906 597 1057 638 δύναιτο.
1112 598 1223 637 Idem
1256 610 1361 637 error
1391 597 1495 637 infra

99 680 137 718 p.
167 665 214 703 21
245 661 432 701 incidisse
458 661 612 701 videtur
639 662 679 700 in
705 662 807 702 hunc
824 663 973 701 locum:
1000 660 1065 712 τήν
1094 660 1134 700 δὲ
1163 660 1362 714 ἑβδομάδος
1390 660 1493 713 φύσιν

101 727 166 769 οὐκ
202 726 270 765 οἶδ’
307 725 345 764 εἷ’
376 740 426 768 τις
468 726 596 768 ἱκανῶς
638 724 838 777 ἀνυμνῆσαι
879 724 1017 764 δύναιτο
1059 724 1189 769 παντὸς
1230 721 1340 764 οὖσαν
1381 724 1492 776 λόγου

102 792 292 845 κρείττονα.
339 791 442 831 Nam
469 794 509 830 et
535 787 598 830 hic
626 788 824 842 ἀνυμνῆσαι
850 791 992 831 rectius
1021 791 1247 831 dissolvitur
1272 794 1315 830 ut
1343 787 1385 828 ἄν
1407 803 1493 843 par-

103 857 222 898 ticula
248 859 461 908 reponatur
496 867 597 906 quae
625 855 677 895 ad
705 854 843 893 δύναιτο
871 856 1076 907 pertineat.
1131 855 1270 896 Nudus
1298 855 1401 895 enim
1429 868 1494 907 op-

103 922 248 962 tativus
276 920 573 972 praeteritorum
600 924 815 972 temporum
835 920 1113 960 constructioni
1132 923 1320 971 servatur,
1348 932 1426 971 qua
1444 920 1494 960 de

100 1000 142 1027 re
168 985 259 1026 vide
287 986 321 1025 si
348 985 490 1037 placet,
519 985 784 1024 Hermannum
812 985 864 1024 ad
891 985 1076 1035 Vigerum
1103 998 1141 1036 p.
1172 987 1245 1024 741
1276 985 1337 1024 ed.
1366 988 1492 1035 quart.

101 1053 146 1091 In
174 1050 312 1090 eodem
339 1050 437 1088 libro
465 1063 502 1100 p.
534 1052 555 1088 7
585 1048 708 1088 edidit
735 1061 857 1099 nuper
883 1049 1091 1088 Muellerus
1126 1061 1176 1088 ex
1210 1049 1492 1098 antiquioribus

101 1114 336 1155 editionibus
364 1111 586 1151 ἀποτίκτεται
615 1111 679 1163 μὲν
706 1110 774 1163 γὰρ
805 1111 824 1150 ὁ
844 1110 979 1163 καρπὸς
1000 1110 1126 1155 ἐοικὼς
1147 1110 1294 1163 ἂμερέσι
1312 1111 1491 1164 ψήγμασιν

101 1176 167 1218 ὑπὸ
199 1176 420 1231 βραχύτητος
450 1176 551 1228 μόλις
580 1176 719 1229 ὁρατοῖς
748 1175 838 1228 ἅπερ
868 1175 933 1215 οὐκ
962 1174 1031 1215 ἀπὸ
1062 1180 1196 1215 σκοποῦ
1225 1176 1313 1228 φαίη
1333 1191 1383 1220 τις
1402 1176 1492 1215 εἶναι

100 1247 223 1295 πρῶτα
251 1241 405 1292 αἰσθητά
434 1245 561 1292 ejecta
586 1242 782 1293 particula
809 1238 851 1279 ἄν
880 1254 997 1291 quam
1023 1241 1198 1280 nonnulli
1217 1241 1371 1281 codices
1397 1253 1491 1280 msc.

100 1311 204 1347 recte
225 1306 394 1348 addunt.
448 1306 559 1345 Adeo
588 1306 691 1344 enim
717 1306 776 1345 vir
812 1317 907 1344 sane
935 1305 1182 1344 doctissimus
1209 1305 1287 1344 illis
1316 1304 1492 1344 editioni-

100 1372 172 1410 bus
201 1382 243 1410 se
271 1369 426 1409 addixit
451 1373 496 1408 ut
522 1369 570 1408 iis
598 1370 730 1409 invitis
758 1369 854 1408 nihil
882 1369 1028 1408 addere
1056 1368 1228 1408 auderet.
1278 1369 1372 1408 Mihi
1398 1381 1491 1408 vero

99 1436 173 1474 hoc
207 1435 294 1474 loco
324 1430 366 1471 ἄν
402 1433 595 1485 particula
629 1433 782 1473 idoneis
818 1433 1050 1473 testimoniis
1079 1432 1299 1472 confirmari
1325 1432 1492 1483 videtur,

99 1504 142 1539 ut
178 1511 265 1539 cum
302 1498 441 1539 ceteris
478 1497 691 1538 editoribus
728 1511 815 1537 eam
849 1496 1114 1549 recipiendam
1148 1508 1235 1537 esse
1262 1497 1492 1537 existimem.

98 1564 276 1614 Denique
303 1564 412 1603 locus
441 1566 501 1602 est
528 1562 568 1601 in
594 1562 661 1601 lib.
692 1562 741 1601 de
768 1563 932 1614 plantat.
960 1575 999 1613 p.
1029 1563 1107 1601 344
1134 1562 1184 1601 Μ.
1212 1562 1493 1617 pulcherrimus

100 1628 148 1668 de
167 1628 359 1667 simulatis
377 1627 584 1666 virtutibus
604 1626 811 1666 exuendis:
831 1624 875 1664 τὰ
895 1623 988 1677 μέσα
1005 1628 1075 1663 τῶν
1094 1624 1328 1676 καθηκόντων
1345 1624 1492 1677 ἡμέρων

101 1696 221 1743 φυτῶν
248 1690 309 1729 τὸν
339 1690 444 1730 αὐτὸν
480 1688 578 1741 ἔχειν
616 1705 675 1741 μοι
703 1692 805 1728 δοκεῖ
829 1689 948 1740 λόγον.
999 1688 1180 1740 Ἓκάτερα
1205 1688 1273 1741 γὰρ
1302 1688 1493 1741 ὠφελιμω-

98 1755 222 1799 τάτους
251 1754 353 1807 φέρει
382 1753 539 1806 καρποὺς
566 1751 610 1792 τὰ
639 1752 703 1805 μὲν
733 1755 871 1804 σώμασι
897 1752 942 1792 τὰ
971 1753 1010 1791 δὲ
1038 1756 1180 1805 ψυχαῖς.
1237 1753 1356 1792 πολλὰ
1384 1753 1424 1792 δὲ
1454 1752 1491 1792 ἐν

97 1823 168 1863 τοῖς
198 1820 318 1871 μέσοις
347 1818 723 1871 συναναβλαστάνοντα
750 1820 809 1856 καὶ
838 1817 1062 1870 ἐπιφυόμενα
1088 1822 1159 1856 τῶν
1180 1820 1365 1870 βλαβερῶν
1385 1818 1491 1869 ἀναγ-

97 1884 205 1927 καίως
234 1882 275 1922 ἂν
303 1883 439 1934 γένοιτο
467 1886 530 1921 τοῦ
560 1880 609 1934 μὴ
641 1883 857 1934 ζημιοῦσθαι
884 1881 927 1920 τὰ
948 1881 1082 1934 ἀμείνω
1101 1881 1216 1934 χάριν,
1246 1884 1313 1923 ubi
1330 1884 1492 1924 verbum

97 1946 230 1998 γένοιτο
258 1949 457 2000 negotium
485 1948 656 1988 facessit.
702 1949 804 1989 Nam
831 1960 949 1999 quum
965 1948 1077 1987 Philo
1099 1949 1147 1987 ob
1167 1949 1384 1988 institutam
1404 1962 1491 1989 cum

96 2013 223 2052 noxiis
250 2014 395 2065 plantis
424 2013 754 2065 comparationem
781 2013 903 2052 verba
930 2013 980 2052 ab
1007 2014 1187 2052 arborum
1205 2013 1408 2065 putatione
1426 2026 1491 2065 pe—

97 2078 226 2117 tiverit
253 2090 332 2118 vox
358 2078 565 2128 requiritur
602 2090 702 2128 quae
731 2077 892 2117 secandi
919 2078 1116 2117 notionem
1142 2078 1300 2118 habeat.
1354 2078 1490 2129 Neque

95 2154 185 2181 vero
204 2143 408 2193 Mangeius
436 2155 524 2181 eam
552 2143 792 2193 excogitavit
812 2142 1123 2182 emendationem
1150 2143 1191 2181 in
1219 2155 1298 2193 qua
1317 2144 1489 2193 acquies-

97 2218 182 2245 cere
221 2219 437 2258 possemus.
494 2206 608 2252 Quod
645 2207 747 2245 enim
783 2205 1012 2257 ἀνατέμνοιτο
1047 2219 1116 2257 pro
1153 2207 1325 2257 vulgatis
1361 2205 1403 2244 ἂν
1429 2205 1490 2257 γέ-

97 2282 188 2306 νοιτο
218 2270 387 2321 conjecit
413 2269 455 2308 id
482 2269 583 2308 hanc
609 2270 730 2309 habet
758 2269 1029 2309 difficultatem
1059 2274 1103 2309 ut
1132 2266 1174 2308 ἄν
1201 2271 1393 2323 particula
1420 2271 1488 2322 631-

96 2333 230 2376 ciatur.
287 2335 367 2375 Sed
401 2335 592 2375 rationem
630 2321 811 2384 viamque
847 2347 925 2384 qua
956 2335 1046 2375 huic
1073 2336 1160 2375 loco
1189 2335 1488 2375 succurrendum

97 2403 199 2438 esset
225 2400 312 2450 ipse
339 2400 406 2438 ille
433 2400 493 2439 vir
519 2399 855 2449 ingeniosissimus
882 2400 1126 2439 monstravit.
1168 2399 1273 2439 Nihil
1293 2400 1395 2438 enim
1412 2400 1489 2439 nisi

95 2458 228 2510 γένοιτο
266 2464 307 2503 111
340 2462 556 2515 τέμνοιτο
594 2462 822 2502 mutandum
849 2467 921 2515 est,
959 2476 1077 2515 quum
1109 2464 1227 2503 etiam
1253 2464 1371 2516 paulo
1399 2469 1491 2517 post

95 2526 259 2579 simplex
285 2529 446 2568 verbum
483 2526 621 2579 τέμνειν
658 2528 708 2568 de
742 2528 872 2568 noxiis
899 2529 1044 2580 plantis
1071 2528 1295 2569 resecandis
1323 2529 1488 2570 dicatur.

171 2592 402 2643 Priusquam
430 2593 482 2632 ad
511 2593 724 2632 sententias
753 2593 1041 2634 condicionales
1065 2595 1274 2646 pergamus
1292 2606 1421 2646 pauca
1440 2594 1489 2635 (16
