1732 2878
866 77 917 116 22

188 182 528 223 enunciationibus
557 194 659 233 quae
687 182 738 222 ab
768 178 824 221 ὅτι
848 182 912 223 vel
940 185 989 226 ὡς
1016 182 1210 235 particula
1236 183 1438 237 incipiunt,
1471 182 1592 224 disse-
1629 188 1632 193 “
1687 178 1703 218 ξ’

187 259 330 287 ramus.
387 248 545 289 Nullum
580 248 621 288 in
649 248 697 288 iis
725 248 855 288 locum
880 248 1058 289 relictum
1086 260 1174 289 csse
1203 249 1449 301 conjunctivo
1477 261 1590 289 nemo

189 312 362 362 negabit.
406 311 521 358 Quod
549 317 680 352 autem
709 325 735 352 a
761 317 902 352 natura
920 313 1079 363 linguae
1098 313 1273 353 Graecae
1291 313 1486 363 abhorret,
1513 325 1592 352 non

190 380 251 415 est
287 388 336 415 ex
373 388 447 415 usu
479 376 666 416 Philonis.
723 376 853 424 Quare
889 388 991 428 quae
1028 377 1078 417 de
1114 378 1215 418 conf.
1244 377 1338 429 ling.
1366 390 1405 430 p.
1433 378 1511 417 422
1539 377 1590 417 M.

187 440 307 491 vulgo
336 441 518 491 leguntur
545 444 597 493 τῷ
625 439 693 492 γὰρ
722 438 796 480 ὄντι
826 440 867 479 οὐ
897 441 1007 492 μόνον
1038 440 1095 480 ἐπὶ
1122 446 1193 480 τῶν
1214 440 1446 493 ἀνθρωπίνων
1466 440 1592 492 ἀδικη-

190 503 312 554 μάτων
348 504 485 542 ῗσταται
522 503 735 555 μετατρέχει
771 503 812 542 δὲ
849 506 908 542 καὶ
944 503 988 542 τὰ
1024 503 1181 556 ὀλόμπια
1214 504 1296 547 τοὺς
1333 503 1499 557 ἀσεβείας
1533 506 1593 543 καὶ

189 566 387 619 ἀθεότητος
423 565 553 618 λόγους
589 569 839 621 προτείνουσα,
875 566 1021 608 ἐπειδὰν
1057 568 1082 608 *F
1120 568 1168 612 ὡς
1206 568 1271 608 οὐκ
1307 566 1380 608 ἔστι
1415 568 1456 608 τὸ
1492 571 1592 608 θεῖον

189 633 298 682 διεξίῃ
327 631 351 682 ἦ
383 632 431 674 ὡς
461 631 500 670 ὂν
530 632 571 670 οὐ
600 631 797 684 προνοεῖῆ
828 632 877 674 ὡς
907 632 925 669 ὁ
946 631 1079 684 κόσμος
1100 631 1144 671 ου’
1163 648 1249 671 ποτε
1267 632 1442 684 γενέσεως
1461 631 1592 685 ἔλαβεν

191 694 308 749 ἀρχὴν
336 694 361 748 ἦ
391 697 439 740 ὡς
467 694 659 749 γενόμενος
698 695 860 741 ἀστάτοις
897 692 1020 741 αἰτίαις
1057 699 1106 742 ὡς
1134 695 1176 737 ἂν
1203 696 1296 750 τύχῃ
1326 696 1479 752 φέρηται
1506 696 1592 737 ποτὲ

191 761 254 812 μὲν
289 765 514 812 πλημμελῶς
548 761 636 799 ποτὲ
673 760 713 800 δὲ
752 760 822 812 οὐχ
857 762 1026 804 ὑπαιτίως
1059 762 1157 802 haec
1185 764 1306 802 verba
1343 764 1590 813 conjunctivo

190 823 345 877 φέρηται
372 825 513 865 vitiata
541 837 628 865 esse
648 826 745 866 satis
764 825 858 865 mihi
876 837 1107 878 persuasum
1126 830 1197 877 est,
1226 827 1455 879 praesertim
1475 839 1593 878 quum

188 890 340 939 reliqua
367 890 484 940 huJus
511 889 664 940 periodi
690 891 864 929 membra
890 890 1146 929 indicativum
1173 891 1357 941 habeant,
1395 903 1509 941 quem
1535 903 1593 930 re-

190 953 308 1003 gulae
336 953 493 1003 linguae
514 953 690 993 Graecae
717 953 939 992 necessario
967 954 1178 1004 requirunt.
1225 954 1430 994 Facillima
1462 957 1593 994 autem

191 1018 465 1058 emendatione
493 1018 640 1069 φέρεται
666 1019 877 1069 reponitur.

271 1082 606 1121 Condicionalium
643 1082 953 1121 enuntiationum
987 1082 1137 1122 formae
1172 1082 1253 1122 fere
1290 1082 1452 1122 eaedem
1486 1082 1593 1135 apud

190 1147 390 1186 Philonem
425 1146 627 1186 adhibitae
662 1147 910 1186 inveniuntur
945 1158 1046 1197 quae
1075 1147 1334 1198 antiquiorum
1362 1147 1593 1199 scriptorum
1635 1174 1638 1175 ν

191 1223 265 1250 usu
294 1211 515 1251 celebratae
544 1214 644 1250 sunt.
693 1211 969 1250 Usitatissimis
997 1211 1116 1261 igitur
1143 1212 1296 1251 omissis
1324 1211 1423 1251 duas
1442 1215 1593 1251 1311111111

191 1288 290 1326 quas
318 1276 382 1316 hic
408 1276 575 1327 scriptor
593 1275 634 1314 in
653 1275 946 1315 condicionibus
964 1275 1181 1327 usurpavit,
1209 1275 1355 1315 formas
1374 1276 1592 1326 singula-res

192 1340 494 1380 consideremus.
537 1341 596 1379 Ac
623 1341 772 1392 primae
800 1340 958 1390 quidem
987 1343 1123 1379 auctor
1151 1343 1234 1379 erat
1252 1340 1455 1379 Homerus.
1491 1340 1591 1379 Dico

192 1406 234 1453 εἰ,
273 1403 333 1442 ὅτε
368 1405 592 1455 similesque
627 1404 840 1456 particulas
874 1404 1071 1455 simplices
1107 1416 1194 1444 cum
1228 1404 1475 1454 conjunctivo
1505 1416 1593 1443 eon-

192 1473 373 1509 structas.
415 1469 651 1520 Hujusmodi
679 1468 860 1520 exempla
887 1468 927 1507 in
956 1467 1191 1508 carminibus
1209 1468 1425 1508 Homericis
1444 1468 1593 1520 passim

193 1538 409 1583 occurrunt,
440 1538 482 1572 111
501 1534 546 1572 ΙΙ.
569 1535 603 1583 1,
624 1535 687 1582 81,
717 1535 754 1582 2,
775 1534 851 1571 147
872 1544 969 1581 sqq„
998 1532 1071 1571 Od.
1091 1534 1129 1581 9,
1149 1534 1224 1570 391
1247 1544 1330 1581 sqq.
1373 1533 1433 1570 De
1452 1532 1592 1571 Atticis

193 1601 323 1637 autem
352 1596 606 1650 scriptoribus
634 1596 835 1648 Augustus
854 1596 1043 1636 Matthiae
1060 1595 1158 1636 nihil
1176 1608 1246 1648 pro
1266 1599 1371 1636 certo
1391 1595 1593 1637 affirmans

192 1664 233 1701 in
267 1675 324 1712 gr.
353 1662 418 1701 Gr.
449 1662 566 1712 ampl.
601 1663 624 1710 ἓ
655 1663 745 1711 525,
781 1665 862 1700 1101.
892 1664 915 1699 6
952 1661 1013 1700 ed.
1051 1664 1138 1700 tert.
1173 1661 1213 1699 in
1249 1661 1376 1700 medio
1411 1661 1595 1711 relinquit

193 1739 285 1767 num
313 1726 479 1779 simplex
507 1726 539 1764 εἰ
568 1738 654 1765 cum
683 1725 930 1777 conjunctivo
958 1726 1171 1778 posuerint,
1207 1725 1256 1765 K.
1283 1725 1343 1765 W.
1369 1726 1592 1777 Kruegerus

193 1796 324 1831 autem
353 1792 437 1830 sine
466 1791 710 1830 dubitatione
739 1790 917 1829 concedit
945 1790 993 1828 iis
1020 1790 1122 1829 hanc
1150 1790 1306 1829 dicendi
1333 1791 1524 1829 rationem
1550 1795 1594 1829 ut

192 1854 443 1907 Xenophonti
470 1854 510 1893 in
530 1854 622 1906 Cyri
650 1853 898 1906 expeditione
917 1855 954 1905 3,
976 1855 1011 1905 1,
1033 1855 1082 1893 36
1113 1854 1146 1891 οἱ
1173 1851 1241 1905 γὰρ
1268 1856 1475 1905 στρατιῶται
1494 1849 1595 1893 οὗτοι
1630 1880 1632 1882 -

193 1919 320 1961 πάντες
347 1918 436 1970 πρὸς
465 1918 556 1969 ὑμᾶς
585 1917 828 1970 ἀποβλέπουσι
856 1917 921 1956 κᾶν
942 1917 1007 1968 μὲν
1027 1918 1118 1968 ὑμᾶς
1137 1917 1267 1968 ὁρῶσιν
1287 1916 1449 1969 ἀθύμους
1468 1917 1594 1961 πάντες

194 1984 298 2022 κακοὶ
326 1979 466 2021 ἔσονται
494 1983 525 2020 εἰ
554 1979 594 2019 δὲ
624 1980 723 2032 ὑμεῖς
760 1980 862 2020 αὐτοί
895 1997 934 2020 τε
962 1980 1318 2034 παρασκευαζόμενοι
1354 1983 1502 2034 φανεροὶ
1529 1977 1594 2034 ἦτε

194 2046 253 2086 ἐπὶ
284 2046 366 2090 τοὺς
393 2047 587 2098 πολεμίους
614 2048 673 2085 καὶ
700 2045 783 2089 τοὺς
810 2043 945 2089 ἄλλους
972 2050 1207 2098 παρακαλῆτε
1226 2041 1265 2085 εὖ
1287 2046 1359 2085 ἴστε
1380 2045 1432 2085 ὅτι
1450 2045 1596 2098 ἕψονται

194 2112 275 2163 ὑμῖν
304 2114 379 2150 κτλ.
418 2115 457 2152 ε1
492 2112 533 2150 in
569 2111 707 2151 eodem
742 2106 840 2151 libro
878 2124 962 2164 cap.
994 2113 1030 2162 2,
1067 2113 1091 2161 ξ
1120 2113 1171 2151 22
1208 2109 1336 2154 πάντες
1371 2109 1436 2163 μὲν
1463 2108 1531 2164 γὰρ
1561 2111 1595 2150 οἱ

194 2178 348 2227 ποταμοὶ
385 2177 416 2214 εἰ
453 2178 510 2214 καὶ
546 2174 670 2227 πρόσω
708 2180 778 2214 τῶν
814 2180 940 2226 πηγῶν
978 2174 1105 2227 ἄποροι
1134 2171 1201 2213 ὦσι
1228 2180 1390 2226 προιοδσι
1416 2175 1505 2227 πρὸς
1532 2174 1595 2219 τὰς

193 2239 311 2292 πηγὰς
340 2242 501 2293 διαβατοὶ
529 2241 714 2291 γίγνονται.
744 2241 882 2281 Mirum
911 2253 1007 2299 ergo
1031 2253 1109 2280 non
1137 2243 1197 2280 est
1217 2240 1249 2279 Si
1269 2239 1375 2292 apud
1393 2240 1595 2281 Philonem

195 2307 226 2343 εἰ
255 2319 342 2345 eum
371 2306 619 2356 conjunctivo
648 2309 911 2345 constructum
939 2306 1081 2355 legitur
1109 2305 1149 2343 in
1177 2305 1275 2343 libro
1305 2304 1354 2344 de
1380 2317 1453 2344 rer.
1474 2305 1593 2344 divin.

194 2369 338 2409 herede
364 2382 403 2421 p.
433 2371 511 2408 514
539 2369 588 2408 M.
618 2367 678 2406 τὸν
708 2367 815 2406 αὐτὸν
843 2366 975 2420 τρόπον
1003 2366 1152 2410 ἕκαστος
1180 2366 1285 2418 ἡμῶν
1314 2368 1525 2419 συγκραθεὶς
1554 2366 1596 2406 ὲκ

194 2438 265 2472 τῶν
300 2431 482 2485 τεσσάρων
517 2434 577 2472 καὶ
614 2432 676 2485 ἀφ’
712 2432 866 2485 ἑκάστης
904 2432 1028 2476 οὐσίας
1064 2430 1315 2483 δανεισάμενος
1352 2430 1459 2484 μικρὰ
1489 2431 1596 2483 μόρια

195 2499 278 2536 καθ’
308 2496 504 2549 ὡρισμένας
531 2496 718 2549 περιόδους
746 2502 879 2549 καιρῶν
908 2496 1034 2536 ἐκτίνει
1059 2494 1099 2535 τὸ
1129 2495 1267 2535 δάνειον
1296 2498 1327 2535 εἰ
1354 2495 1419 2548 μέν
1438 2511 1470 2535 τι
1489 2494 1596 2548 ξηρὸν

195 2557 219 2614 ᾖ
250 2560 427 2604 ἐπιδιδοὺς
461 2565 509 2613 γῇ
547 2563 577 2600 εἰ
614 2559 654 2600 δέ
689 2575 721 2599 τι
755 2560 861 2613 ὑγρὸν
900 2560 1001 2600 ὕδατι
1038 2562 1070 2599 εἰ
1105 2559 1146 2599 δὲ
1179 2558 1352 2612 ἔνθερμον
1386 2562 1469 2613 πυρὶ
1497 2563 1528 2599 εἰ
1557 2559 1597 2599 δὲ
