1732 2878
150 894 290 975 Quum
326 916 366 954 in
402 914 619 966 penetralia
655 914 891 954 Graecarum
926 915 1231 965 Latinarumque
1266 914 1465 954 literarum

30 990 40 1014 f
71 983 276 1021 intrassem
305 980 447 1031 cupido
466 992 528 1019 me
546 980 706 1019 incessit
724 981 1118 1030 quantulumcumque
1144 992 1303 1031 possem
1325 979 1465 1018 studiis

73 1058 204 1085 eorum
231 1045 463 1096 scriptorum
480 1044 680 1095 prodesse,
709 1045 775 1094 qui
801 1045 959 1084 natione
977 1044 1119 1084 Judaei
1139 1044 1311 1084 Graecas
1330 1044 1465 1083 literas

71 1111 196 1162 prima
237 1111 514 1161 imperatorum
557 1110 817 1148 Romanorum
862 1114 993 1149 aetate
1032 1114 1235 1149 auxerunt.
1296 1109 1466 1148 Maxime

72 1178 201 1214 autem
237 1174 412 1213 Philonis
454 1173 597 1213 Judaei
639 1174 785 1225 scripta
829 1186 891 1213 me
927 1174 1232 1213 delectaverunt.
1294 1174 1465 1212 Primum

71 1239 189 1288 igitur
217 1238 388 1277 animum
416 1238 469 1276 ad
495 1238 692 1289 proprium
720 1240 806 1288 ejus
825 1250 1041 1277 sermonem
1060 1238 1195 1289 appuli
1224 1242 1263 1277 et
1290 1238 1362 1276 toti
1389 1237 1465 1276 arti

72 1315 149 1352 qua
175 1302 213 1341 in
242 1302 358 1342 rebus
387 1302 562 1341 dicendis
590 1314 683 1341 usus
704 1306 775 1352 est,
805 1302 1101 1353 cognoscendae
1120 1315 1279 1354 operam
1306 1302 1463 1341 navavi.

72 1366 175 1412 Quid
213 1367 315 1405 enim
354 1367 406 1405 ad
445 1367 667 1406 interiorem
705 1370 878 1406 veterum
918 1367 1148 1418 scriptorum
1190 1367 1464 1417 cognitionem,

71 1431 165 1480 quid
200 1431 252 1469 ad
293 1431 555 1470 restituendas
594 1429 725 1470 eorum
762 1430 897 1470 literas
933 1432 1060 1481 magis
1100 1431 1364 1470 necessarium
1406 1435 1466 1470 est

71 1507 188 1543 quam
224 1495 463 1544 singulorum
498 1495 653 1534 dicendi
690 1495 989 1534 consuetudines
1027 1496 1253 1546 exploratas
1290 1495 1464 1534 habere?

70 1559 176 1599 Inter
193 1558 295 1598 hunc
313 1559 487 1599 laborem
506 1559 709 1599 consilium
727 1559 821 1599 mihi
839 1563 973 1599 natum
992 1563 1052 1599 est
1069 1572 1198 1611 panca
1223 1559 1466 1599 conscribere

72 1623 121 1661 de
138 1623 273 1673 lingua
290 1624 490 1663 Philonea.
528 1623 639 1669 Quae
656 1636 720 1663 res
734 1624 894 1673 multam
910 1624 1003 1662 mihi
1016 1624 1153 1674 injecit
1170 1624 1464 1662 dubitationem.

70 1687 171 1726 Ante
199 1688 329 1727 omnia
357 1688 460 1727 enim
487 1688 592 1727 haud
619 1688 793 1739 vulgaris
821 1688 997 1728 Graecae
1030 1688 1189 1739 linguae
1221 1688 1386 1728 scientia
1414 1688 1466 1727 ad

55 1752 144 1791 -hoc
171 1765 310 1792 munus
339 1753 629 1803 exsequendum
658 1753 842 1793 afferatur
869 1766 1030 1792 necesse
1059 1758 1129 1792 est.
1185 1754 1309 1793 Nemo
1335 1758 1466 1792 autem

71 1828 132 1855 me
166 1817 252 1868 ipso
286 1818 424 1857 melius
466 1818 649 1868 intelligit
683 1818 937 1868 exiguitatem
970 1818 1110 1857 virium
1145 1829 1331 1857 mearum.
1387 1817 1467 1857 Sed

55 1878 188 1930 ‘quum
208 1882 363 1922 dicendi
389 1883 577 1922 rationem
597 1883 772 1922 Philonis
791 1883 883 1922 olim
900 1883 968 1922 vix
995 1895 1095 1922 unus
1121 1887 1160 1921 et
1187 1883 1287 1922 alter
1307 1883 1468 1933 dignam

70 1949 265 1997 putasset,
295 1947 347 1986 ad
383 1960 499 1997 quam
527 1948 698 1986 animum
725 1947 965 1997 adverteret,
993 1948 1034 1985 in
1060 1947 1136 1986 hac
1162 1960 1204 1986 re
1232 1947 1468 1998 explicanda

69 2011 283 2062 periculum
302 2012 431 2052 facere
450 2013 644 2052 constitui.
683 2012 862 2052 Ceterum
874 2013 935 2052 vir
953 2012 1240 2052 illustrissimus
1258 2012 1282 2053 J
1289 2013 1466 2052 acobus

69 2075 406 2116 Freudenthal
439 2079 602 2116 multum
636 2090 697 2117 me
727 2078 832 2128 juvit
860 2078 1044 2116 consiliis.
1090 2078 1139 2115 Ei
1166 2078 1241 2116 hac
1260 2078 1468 2116 occasione

70 2139 203 2179 oblata
231 2153 348 2191 quam
375 2142 586 2181 maximam
612 2141 737 2181 refero
766 2141 944 2191 gratiam.
