1732 2878
803 102 851 143 19

259 210 331 246 τῶν
358 206 396 247 εἴ
417 207 467 251 τίς
486 223 527 247 σε
536 205 652 247 ’δοιτο
670 208 764 260 θοὴν
783 208 841 248 διὰ
859 208 967 249 νύκτα
986 208 1168 261 μέλαιναν,

262 270 373 310 αὐτίκ’
403 270 446 310 ἂν
474 271 602 316 ἐξείποι
619 271 872 325 ’Ἀγαμέμνονι
898 273 1037 325 ποιμένι
1064 277 1162 312 λαῶν

259 336 319 375 καί
345 351 406 375 κεν
435 335 629 390 ἀνάβλησις
657 337 776 381 λύσιος
804 341 944 391 νεκροῖο
972 338 1127 390 γένηται.

134 403 234 443 Hinc
267 401 371 441 effici
390 405 536 453 potest
572 404 785 452 antiquitus
818 416 888 454 per
915 404 1203 453 conjunctivum
1238 407 1277 441 et
1314 399 1356 439 ἄν
1385 407 1453 441 aut
1481 402 1522 440 κέ

135 465 365 518 particulam
392 477 470 504 non
497 465 622 505 minus
650 478 766 517 quam
792 479 862 518 per
889 467 1105 518 optativum
1132 466 1280 516 aliquid
1305 466 1389 506 fieri
1407 479 1524 518 posse

136 531 281 571 dictum
309 541 408 568 esse.

215 592 294 632 Sed
321 604 398 631 uno
418 592 618 643 alteroque
635 593 721 633 loco
740 593 914 633 Philonis
933 593 999 632 ubi
1018 594 1218 644 Mangeius
1237 594 1523 645 conjunctivum

137 657 244 698 dedit
279 669 366 696 cum
403 653 445 694 ἄν
481 658 673 708 particula
702 661 962 697 constructum
997 658 1095 696 liber
1121 659 1188 697 ille
1214 671 1330 696 manu
1359 659 1524 709 scriptus

137 723 198 763 cui
225 722 386 761 multum
415 722 658 762 auctoritatis
677 722 923 762 tribuendum
943 726 1014 773 est,
1042 722 1155 762 litera
1174 722 1221 761 A.
1240 726 1410 773 notatus,
1436 736 1523 774 pro-

137 787 364 828 babiliorem
399 787 624 838 suppeditat
652 787 893 838 scripturam.
949 787 1014 825 Sic
1048 786 1171 825 edidit
1205 787 1270 825 ille
1306 787 1346 825 in
1380 787 1446 825 lib.
1476 787 1525 826 de

138 864 210 892 rer.
248 850 367 890 divin.
403 850 548 890 herede
575 864 613 902 p.
642 852 732 891 493.
771 853 819 893 ὡς
848 849 867 888 ὁ
898 848 1061 901 δραχμὰς
1090 848 1217 888 ἑκατὸν
1246 851 1449 900 εἰςενεγκὼν
1476 854 1527 903 τῷ

136 914 175 953 τὸ
213 913 385 952 τάλαντον
420 914 647 964 εἰςενεγκόντι
688 914 774 965 δόξῃ
812 911 854 952 ἂν
890 913 1144 953 ἐπιδεδωκέναι
1180 914 1219 953 τὸ
1258 915 1345 962 ἴσον,
1383 916 1449 954 ubi
1487 916 1527 955 in

139 980 224 1021 cod.
251 979 298 1019 A.
328 976 421 1023 δόξει
448 979 634 1032 scriptum
662 982 722 1019 est
756 979 860 1030 quod
886 978 1090 1019 Richterus
1118 980 1174 1019 ita
1201 979 1366 1019 mutavit
1392 984 1435 1019 ut
1462 992 1527 1032 op-

124 1046 300 1084 tativum
327 1045 512 1095 temporis
540 1044 675 1083 aoristi
704 1042 808 1086 δόξει’
839 1040 881 1081 ἄν
910 1048 1070 1083 crearet.
1110 1044 1355 1094 Quamquam
1381 1045 1422 1083 in
1440 1045 1528 1095 ipsa

140 1108 285 1148 codicis
313 1108 505 1158 scriptura
532 1108 779 1157 acquiescere
805 1120 878 1159 par
905 1111 975 1147 est.
1021 1108 1173 1146 Docent
1192 1108 1293 1147 enim
1313 1107 1527 1146 doctissimi

138 1172 272 1211 harum
299 1183 427 1210 rerum
462 1171 596 1210 arbitri
631 1172 681 1210 ab
708 1172 876 1211 Homero
913 1175 952 1211 et
985 1172 1082 1223 ipsis
1110 1171 1250 1211 Atticis
1278 1171 1530 1223 scriptoribus

139 1236 190 1274 ad
216 1235 469 1276 indicativum
499 1235 616 1274 futuri
635 1236 843 1285 aliquando
864 1232 907 1272 ἄν
925 1235 1156 1286 particulam
1176 1234 1372 1285 adjectam
1391 1234 1528 1287 esse¹).

139 1298 287 1346 Quodsi
313 1299 412 1339 haec
440 1299 673 1339 constructio
702 1300 752 1340 ab
780 1299 939 1351 antiquo
969 1311 1144 1339 sermone
1162 1312 1239 1339 non
1259 1299 1452 1350 abhorret,
1482 1312 1528 1339 eo

139 1364 263 1414 magis
290 1364 570 1403 recentioribus
599 1364 850 1415 scriptoribus
879 1363 1129 1403 concedenda
1157 1368 1228 1402 est.
1273 1364 1392 1403 Recte
1411 1364 1530 1414 igitur

140 1427 256 1467 etiam
283 1427 333 1468 de
361 1440 464 1480 spec.
492 1427 645 1479 legibus
671 1428 738 1468 lib.
764 1428 815 1468 H.
844 1431 935 1467 tom.
960 1428 1010 1467 ΙΙ.
1039 1441 1076 1479 p.
1105 1429 1181 1467 329
1210 1428 1260 1467 Μ.
1291 1424 1333 1466 ἄν
1362 1440 1449 1468 cum
1475 1428 1530 1467 in-

141 1492 309 1532 dicativo
338 1493 524 1544 temporis
542 1492 661 1531 futuri
681 1495 927 1543 conjunctum
946 1492 1107 1542 legitur:
1138 1490 1314 1544 μέμψεται
1342 1491 1382 1530 δὲ
1412 1490 1453 1530 ἄν
1480 1507 1530 1534 τις

141 1554 290 1598 δεόντως
317 1554 401 1598 τοὺς
429 1554 581 1607 ἀνόμοια
614 1558 687 1598 τοῖς
725 1553 916 1607 ἀδικήμασι
943 1552 1130 1598 τάττοντας
1158 1554 1315 1607 ἐπιτίμια
1342 1555 1433 1594 κατὰ
1460 1559 1531 1594 τῶν

142 1618 379 1672 εἰργασμένων
407 1623 481 1660 κτλ.
538 1621 617 1660 Sed
649 1625 730 1660 tam
757 1621 873 1671 longe
900 1620 1011 1659 Philo
1049 1634 1074 1659 a
1100 1625 1274 1660 veterum
1302 1621 1531 1672 scriptorum

142 1683 429 1727 consuetudine
452 1697 530 1723 non
567 1684 748 1724 discessit
784 1688 827 1723 ut
854 1696 941 1723 cum
968 1684 1181 1724 indicativo
1210 1685 1394 1736 temporis
1422 1696 1531 1737 prae-

141 1750 260 1789 sentis
296 1745 337 1787 ἄν
373 1749 603 1801 particulam
641 1751 904 1800 conjungeret.
960 1750 1113 1788 Etenim
1149 1749 1214 1799 qui
1251 1750 1328 1789 loci
1363 1750 1465 1790 hunc
1492 1749 1532 1788 in

142 1814 297 1853 modum
326 1813 556 1853 conformati
584 1824 670 1853 esse
697 1813 877 1852 videntur
904 1813 1001 1852 nihil
1027 1814 1195 1864 probant
1222 1813 1256 1852 si
1283 1813 1399 1853 modo
1428 1818 1533 1853 recte

142 1878 392 1929 explicentur.
438 1878 495 1917 Ac
522 1878 687 1929 primum
716 1877 871 1927 quidem
899 1878 939 1915 in
968 1877 1270 1928 disputationem
1297 1878 1457 1917 veniant
1484 1890 1534 1917 ex

141 1940 206 1979 lib.
236 1941 284 1981 de
313 1941 413 1980 conf.
441 1941 535 1991 ling.
563 1955 601 1993 p.
622 1942 699 1980 406
726 1941 776 1980 Μ.
805 1954 867 1980 vv.
897 1939 961 1978 κᾶν
990 1942 1020 1978 εἰ
1050 1939 1168 1991 μέντοι
1195 1955 1244 1983 τις
1273 1939 1363 1991 ἀνὴρ
1387 1941 1534 1983 πλείους

143 2001 321 2055 ἀναμάθοι
350 2002 556 2047 διαλέκτους
585 2002 774 2055 εὐδόκιμος
802 2003 911 2047 εὐθυς
946 2003 1043 2056 παρὰ
1070 2008 1143 2047 τοῖς
1173 2003 1415 2054 ἐπισταμένοις
1443 2003 1534 2043 ἐστίν

144 2069 229 2116 κτλ.,
259 2081 334 2120 quo
362 2070 403 2108 in
429 2070 516 2108 loco
545 2069 646 2109 duae
675 2069 981 2109 constructiones
1008 2069 1048 2107 in
1076 2081 1193 2108 unam
1221 2069 1408 2109 confusae
1435 2072 1534 2109 sunt.

143 2132 273 2172 Potuit
301 2135 402 2173 enim
431 2138 563 2173 noster
580 2134 682 2173 hanc
701 2146 811 2173 suam
831 2134 1063 2173 sententiam
1083 2133 1228 2184 duplici
1247 2133 1363 2172 modo
1384 2133 1535 2184 aperire

144 2199 186 2234 ut
212 2201 300 2236 aut:
329 2196 394 2235 κᾶν
423 2199 454 2235 εἰ
483 2195 601 2249 μέντοι
628 2212 677 2240 τις
706 2196 797 2249 ἀνὴρ
825 2197 969 2239 πλείους
997 2195 1177 2248 ἀναμάθοι
1206 2195 1412 2239 διαλέκτους
1432 2195 1536 2234 εὐδό-

145 2274 244 2310 κιμος
273 2260 382 2304 εὐθυς
409 2277 445 2302 π.
474 2277 504 2300 τ.
535 2276 563 2301 ε.
594 2261 650 2313 εἴη
680 2266 768 2301 aut:
797 2262 855 2299 καὶ
875 2260 938 2298 ἐὰν
959 2259 1078 2312 μέντοι
1105 2276 1154 2304 τις
1174 2259 1265 2313 ἀνὴρ
1284 2261 1427 2303 πλείους
1448 2259 1534 2299 ἂνα-

147 2322 245 2376 μάθῃ
275 2325 481 2369 διαλέκτους
518 2325 706 2378 εὖὸόκμιος
734 2324 843 2368 εὐθυς
870 2341 906 2365 π.
935 2340 964 2365 τ.
996 2340 1024 2366 ε.
1056 2325 1148 2364 ἐστίν
1177 2327 1341 2365 dicereta
1387 2326 1535 2365 Horum

144 2394 319 2431 neutrum
355 2392 465 2443 fecit,
503 2391 574 2432 sed
610 2404 726 2442 quum
764 2391 876 2431 aliter
912 2391 1127 2432 orationem
1164 2391 1387 2431 inchoasset
1422 2392 1536 2431 aliter

147 2452 280 2506 desiit,
316 2456 420 2496 unde
456 2456 498 2495 id
534 2456 638 2507 quod
674 2456 842 2508 positum
876 2455 1054 2496 videmus
1091 2459 1225 2496 natum
1260 2460 1330 2496 est.
1387 2455 1536 2497 Eodem

231 2593 253 2636 ¹)
276 2594 343 2628 vid.
366 2596 489 2631 Matth.
513 2607 561 2638 gr.
585 2595 640 2628 Gr.
663 2596 682 2637 ξ
705 2596 776 2629 599.
800 2595 832 2630 d.

1306 2649 1348 2685 2*
