1732 2878
787 62 837 101 23

47 142 59 160 ’Ὗ
118 166 252 225 ψυχρὸν
281 165 361 220 ἀέρι
387 170 427 208 01
453 167 619 208 relativa
645 169 751 209 notio
780 169 926 209 omissa
954 164 995 206 ἄν
1023 166 1217 220 particula
1240 165 1290 206 de
1309 177 1414 219 spec.
1434 165 1510 217 leg.

117 237 184 278 lib.
210 235 262 285 H,
291 237 383 274 tom.
411 234 462 284 Π,
490 248 529 286 p.
549 235 625 274 320
653 235 704 274 Μ.
733 232 850 286 φυγὴν
879 228 941 272 οὖν
968 231 1060 272 κατὰ
1086 236 1150 271 τοῦ
1178 231 1376 274 κτείναντος
1405 229 1513 270 ἀκου-

119 300 212 342 σίως·
229 296 356 349 ὥρισεν
386 294 466 336 οὔθ’
496 294 568 348 ὅπη
597 296 689 349 τύχῃ
711 296 786 337 οὐδ’
807 296 844 340 ἐς
864 298 930 338 αεί.
977 298 1057 337 Sed
1084 297 1190 348 quod
1217 300 1354 337 auctor
1380 300 1513 335 noster

119 364 192 413 ἐαν,
223 359 379 411 ἐπειδάν,
417 359 501 400 ὅταν
537 374 624 403 011111
649 362 861 403 indicativo
890 362 1075 415 temporis
1101 361 1319 415 praesentis
1347 359 1512 413 perfecti

117 428 252 469 aoristi
288 427 529 466 consociavit
564 427 606 465 id
642 428 692 465 ab
728 439 802 465 usu
836 431 1010 466 veterum
1044 427 1274 477 scriptorum
1302 426 1511 465 abhorrere

115 491 280 533 videtur.
322 489 500 540 Namque
525 501 574 528 ex
591 490 670 529 illis
687 490 785 529 locis
802 489 1034 529 Herodoteis
1053 490 1093 528 in
1110 490 1251 540 quibus
1269 488 1509 528 Reinholdus

115 556 258 597 Klotz
286 554 339 594 ad
357 554 518 594 Devarii
543 555 683 594 librum
708 554 757 594 de
776 554 951 594 Graecae
968 554 1126 604 linguae
1144 554 1346 605 particulis
1364 553 1441 593 vol.
1457 554 1509 603 H,

115 634 152 673 p.
172 620 249 658 468
269 630 354 668 sqq.
382 618 539 656 modum
566 618 675 657 verbi
701 617 954 657 indicativum
981 621 1070 669 post
1097 615 1142 668 ἥν
1168 617 1401 669 particulam
1424 617 1508 656 illa-

115 690 195 726 tum
213 683 376 734 agnosci
393 683 528 734 voluit,
548 695 669 735 nuper
686 682 876 723 Henricus
895 683 1035 723 Stein
1062 682 1163 722 hanc
1182 682 1507 722 constructionem

114 751 171 789 ita
198 748 356 787 sustulit
382 751 425 785 ut
452 748 518 786 lib.
538 748 569 797 Ι,
598 759 683 798 cap.
704 749 781 785 206
810 751 849 785 et
875 741 942 785 lib.
962 748 1032 795 III,
1063 758 1148 796 cap.
1170 747 1218 784 69
1247 758 1317 796 pro
1345 742 1391 794 ἥν
1418 757 1506 796 par-

114 812 234 853 ticula
261 812 292 849 εἰ
319 814 523 863 reponeret
561 811 676 850 tertio
712 814 842 850 autem
877 811 962 850 loco
990 810 1056 849 lib.
1085 811 1137 859 II,
1166 822 1251 861 cap.
1282 811 1332 849 13
1360 809 1506 849 indica-

113 878 234 916 tivum
263 873 416 912 ἐπιδιδοῖ
440 875 481 913 111
509 875 796 925 conjunctivum
815 873 959 925 ἐπιδιδῷ
978 878 1157 913 mutaret.
1199 874 1282 913 Nec
1300 874 1503 912 immerito.

111 940 193 981 Nec
228 938 330 978 enim
363 934 409 989 ἥν
445 950 532 978 011111
567 937 777 978 indicativo
814 938 965 978 duobus
1001 938 1099 978 locis
1133 938 1174 977 in
1210 937 1367 990 optimis
1394 937 1504 977 libris

113 1004 298 1055 scriptum
325 1004 473 1043 invenit
500 1016 573 1043 nec
601 1016 687 1042 cum
713 1004 754 1042 in
781 1004 847 1042 lib.
867 1004 898 1052 Ι,
928 1016 1013 1054 cap.
1044 1005 1121 1041 206
1150 1003 1207 1041 ita
1234 1003 1421 1053 scriptum
1448 1003 1502 1041 in-

111 1067 282 1109 venisset
308 1067 493 1106 librorum
521 1067 783 1107 testimonium
810 1066 993 1106 idoneum
1021 1067 1057 1106 ei
1084 1067 1211 1106 visum
1239 1069 1299 1106 est
1326 1078 1402 1116 quo
1425 1078 1503 1106 mo-

110 1136 263 1173 veretur
298 1135 341 1171 ut
374 1128 420 1182 ἥν
457 1145 544 1172 011111
579 1132 791 1172 indicativo
823 1134 1002 1182 junctum
1035 1130 1234 1171 Herodoto
1270 1131 1500 1171 vindicaret.

108 1197 221 1236 Ratio
263 1200 394 1236 autem
435 1208 513 1246 qua
549 1195 788 1235 Reinholdus
828 1196 974 1234 Klotz
1016 1195 1322 1234 demonstratum
1362 1195 1394 1234 it
1435 1207 1503 1234 cur

108 1265 260 1301 veteres
295 1261 503 1312 scriptores
541 1259 602 1298 ἐάν
640 1260 870 1312 particulam
907 1260 1130 1309 similesque
1166 1272 1284 1299 voces
1320 1272 1407 1299 cum
1446 1260 1501 1299 in-

111 1325 280 1364 dicativo
315 1325 516 1376 posuerint
550 1325 723 1374 argutior
755 1337 872 1374 quam
905 1325 1033 1364 verior
1066 1327 1137 1363 est.
1193 1324 1294 1363 Nam
1329 1324 1433 1374 quod
1462 1324 1502 1363 in

109 1389 301 1439 ejusmodi
339 1393 531 1428 structura
566 1387 629 1426 ὲάν
665 1389 896 1440 particulam
933 1401 958 1427 a
994 1387 1109 1426 modo
1146 1388 1256 1426 verbi
1288 1387 1500 1427 indicativo

109 1457 331 1506 separatam
369 1466 441 1496 nec
482 1453 703 1493 interiorem
743 1452 1070 1493 necessitudinem
1110 1452 1286 1503 protasin
1326 1451 1427 1492 inter
1463 1456 1502 1492 et

107 1517 298 1568 apodosin
333 1529 421 1556 esse
457 1518 513 1555 ait
548 1517 778 1556 adversatur
822 1517 912 1555 huic
957 1516 1158 1555 doctrinae
1191 1519 1333 1554 natura
1368 1527 1501 1554 eorum

105 1582 275 1622 locorum
313 1594 410 1632 quos
445 1582 530 1634 ipse
567 1582 708 1621 attulit.
764 1582 826 1622 Ita
861 1581 963 1622 enim
999 1581 1056 1620 illi
1090 1580 1306 1632 comparati
1341 1584 1431 1620 sunt
1458 1584 1501 1620 ut

106 1657 191 1685 cum
234 1646 460 1685 condicione
502 1645 682 1685 effectum
728 1649 820 1697 apte
866 1646 1073 1685 cohaerere
1119 1648 1320 1696 appareat.
1376 1644 1500 1691 Quem

105 1714 233 1751 autem
261 1724 374 1763 porro
403 1712 530 1751 locum
558 1712 688 1751 attulit
714 1712 858 1763 Lysiae
887 1724 936 1751 ex
964 1715 1061 1751 orat.
1091 1714 1226 1750 contra
1253 1710 1498 1750 Alcibiadem

103 1775 229 1824 prima
256 1778 280 1823 ἓ
303 1778 351 1814 13
380 1776 441 1814 ed.
460 1776 598 1814 Bekk
627 1774 689 1813 ἐὰν
716 1776 831 1813 τοίνυν
858 1774 985 1812 τούτου
1014 1775 1299 1825 καταψηφιεῖσθε
1328 1773 1370 1811 οὐ
1391 1773 1499 1824 μόνον

105 1838 137 1875 οἱ
165 1836 202 1876 ἐν
230 1842 276 1891 τῇ
303 1836 408 1878 πόλει
436 1838 588 1878 εἴσονται
617 1837 711 1878 ἀλλὰ
747 1840 805 1878 καὶ
840 1840 873 1877 οἱ
908 1838 1091 1890 σύμμαχοι
1120 1837 1351 1889 αἰσθήσονται
1378 1839 1437 1877 καὶ
1467 1840 1499 1877 οἱ

102 1903 267 1954 πολέμιοι
304 1901 493 1942 πεύσονται
534 1905 593 1942 καὶ
629 1903 825 1954 ἡγήσονται
860 1901 951 1941 πολὺ
988 1904 1151 1944 πλείονος
1189 1901 1287 1945 ἀξίαν
1316 1902 1499 1954 εἶναιτὴν

101 1964 203 2005 πόλιν
240 1968 331 2008 inde
366 1968 463 2007 nihil
497 1968 605 2008 aliud
640 1968 869 2019 intelligitur
904 1968 980 2007 nisi
1015 1980 1101 2007 cum
1138 1967 1257 2006 futuri
1284 1967 1497 2008 indicativo

102 2033 281 2083 antiquos
310 2034 519 2085 scriptores
550 2034 731 2084 Junxisse
764 2033 974 2083 aliquando
1013 2030 1075 2069 ἐάν
1114 2032 1357 2083 particulam.
1413 2033 1497 2071 Hoc

101 2096 203 2137 enim
231 2101 384 2150 tempus
411 2101 552 2138 natura
580 2111 651 2139 sua
675 2110 753 2137 non
772 2097 934 2150 impedit
953 2097 1157 2148 quominus
1177 2099 1263 2147 ejus
1282 2097 1493 2137 indicativo

100 2157 142 2197 ἄν
169 2163 361 2212 particula
389 2163 637 2213 adiungatur.
680 2162 760 2202 Sed
783 2163 1019 2213 posteriores
1039 2162 1248 2212 scriptores
1266 2162 1307 2200 in
1326 2161 1494 2199 omnium

99 2227 315 2278 temporum
342 2227 577 2267 indicativis.
631 2224 693 2265 ἐάν
721 2227 953 2278 particulam
980 2230 1265 2277 usurpaverunt
1292 2228 1402 2276 cujus
1430 2237 1494 2275 ge-

99 2289 201 2328 neris
221 2292 401 2342 exempla
420 2295 578 2330 exstant
595 2291 635 2329 in
655 2291 808 2341 Steph
822 2291 904 2329 ani
923 2291 1106 2329 thesauro
1126 2291 1220 2339 ling.
1240 2290 1305 2328 Grr.
1325 2290 1402 2328 vol.
1421 2290 1492 2338 ΙΙΙ,

97 2362 135 2402 p.
156 2354 180 2392 4
209 2353 250 2393 C.
281 2358 320 2393 et
346 2368 384 2406 p.
406 2356 429 2394 6
456 2355 504 2394 D.
555 2355 601 2393 In
629 2367 760 2394 eorum
789 2366 947 2394 numero
976 2354 1075 2394 illud
1103 2355 1220 2394 etiam
1246 2352 1492 2392 referendum

98 2427 184 2457 esse
219 2420 438 2469 putaverim
473 2420 580 2471 puod
614 2420 809 2460 Lucianus
846 2419 947 2459 dixit
983 2420 1024 2459 in
1060 2419 1216 2468 dialogo
1254 2421 1493 2457 mortuorum

97 2490 181 2533 cap.
211 2483 247 2522 9.
290 2483 350 2521 καί
378 2497 421 2534 με
449 2482 600 2535 γέροντα
627 2485 686 2522 καὶ
714 2482 901 2535 φαλακρὸν
930 2482 979 2526 ὡς
1007 2483 1092 2534 ὁρᾷς
1122 2478 1210 2520 ὄυτα
1238 2482 1296 2520 καὶ
1320 2483 1494 2532 λημῶντα

96 2537 233 2594 τέροςέτι
271 2549 328 2586 καὶ
365 2551 573 2599 κορυζῶντα
606 2546 826 2599 ὑπερήδοντο
865 2547 1123 2600 θεραπεύοντες
1159 2548 1217 2584 καὶ
1247 2545 1419 2598 μακάριος
1447 2542 1492 2598 ἦν
