1732 2878
230 216 314 257 sine
343 229 465 258 causa
492 216 638 257 idonea
665 229 779 257 nemo
807 218 974 269 negligit
1000 230 1050 258 ne
1069 200 1278 258 mediocris
1296 216 1454 269 quidem
1472 216 1638 270 scriptor

227 283 356 333 legem
383 282 492 322 illam
520 294 599 333 qua
626 294 840 335 pronomen
867 282 1075 323 relativum
1104 282 1154 322 ab
1183 294 1230 322 eo
1258 283 1413 323 nomine
1446 295 1523 334 quo
1550 295 1636 335 per-

227 347 353 387 tineat
380 359 523 398 genere
552 350 621 386 aut
647 359 808 386 numero
838 346 996 387 differre
1022 349 1189 387 vetatur.
1246 345 1361 393 Quod
1388 346 1507 398 igitur
1528 346 1636 399 apud

224 416 401 452 nostrum
429 412 658 463 scriptorem
688 412 738 452 de
757 412 869 452 conf.
897 413 992 463 ling.
1020 426 1058 464 p.
1079 413 1156 452 413
1175 412 1225 452 M.
1248 412 1367 462 vulgo
1387 412 1516 452 editur
1535 406 1634 450 οὗτοι

225 473 294 526 γὰρ
324 473 444 514 οὐκέτι
474 474 659 527 ἑξάρχοντι
687 476 872 514 πείθονται
900 475 999 527 λόγῳ
1029 474 1123 514 ἀλλὰ
1150 479 1202 528 τῷ
1229 479 1294 513 τοῦ
1321 474 1452 518 παντὸς
1482 474 1633 526 ἡγεμόνι

195 560 197 562 -
224 540 302 591 θεῷ
332 540 375 577 δι’
404 535 454 577 ὧν
474 539 562 591 πρὸς
580 538 625 577 τὰ
647 535 736 590 ἔργα
755 539 934 591 φθάνουσι
954 543 1092 591 μᾶλλον
1111 538 1135 590 ἦ
1155 538 1237 582 τοὺς
1256 538 1386 589 λόγους
1409 538 1633 582 ἀπαντῶντες

222 604 263 642 in
291 603 352 642 his
381 604 424 640 δι’
466 599 517 640 ὧν
546 603 638 642 ferri
665 616 744 642 non
771 608 903 655 potest
930 604 1035 654 quod
1072 603 1123 642 ad
1160 603 1356 653 singulare
1385 615 1526 642 nomen
1554 603 1632 655 θεῷ

223 668 395 720 respicit.
453 668 532 708 Sed
570 668 726 708 videtur
761 669 856 707 mihi
898 669 1008 709 facili
1043 668 1324 708 ¹emendatione
1367 667 1630 719 reponendum

223 745 311 773 esse
340 730 394 771 διό
424 745 525 783 quae
553 745 632 773 vox
658 733 814 772 Philoni
842 732 1149 774 familiarissima
1177 737 1248 773 est.

303 798 488 848 Sequitur
515 802 558 837 ut
587 798 637 838 de
666 798 869 837 modorum
896 811 970 838 usu
988 799 1176 838 Philoneo
1195 798 1399 838 videamus
1418 810 1497 848 qua
1523 798 1563 837 in
1585 810 1628 838 re

221 862 278 902 ita
297 863 553 914 versabimur,
581 865 624 902 ut
643 864 808 914 primum
829 862 879 903 de
899 863 1229 903 enuntiationibus
1249 862 1440 902 absolutis
1463 874 1626 913 agamus

221 927 364 966 deinde
393 927 442 966 de
470 928 519 966 iis
548 939 649 977 quae
678 939 727 966 ex
755 927 1017 966 condicionali
1045 927 1238 978 particula
1264 926 1447 978 pendent.

300 991 558 1042 Conjunctivo
587 990 844 1043 philosophus
862 995 995 1031 noster
1014 991 1225 1041 aliquando
1245 991 1324 1031 vim
1354 990 1519 1044 optativi
1538 990 1626 1030 sub-

212 1057 323 1107 jecit.
380 1056 466 1102 Quo
501 1068 617 1096 sensu
655 1056 905 1106 conjunctivo
945 1068 1032 1095 cum
1061 1053 1103 1094 ἄν
1132 1057 1324 1108 particula
1357 1068 1451 1095 usus
1487 1060 1548 1096 est
1583 1056 1624 1095 in

217 1120 284 1158 lib.
314 1119 363 1159 de
391 1124 535 1171 poster.
565 1120 677 1159 Caini
705 1133 742 1170 p.
764 1122 841 1159 256
860 1120 911 1158 Μ.
943 1118 961 1156 ὀ
990 1118 1058 1170 γὰρ
1087 1118 1277 1171 φιλάρετος
1297 1119 1364 1157 ὑπὸ
1392 1123 1457 1170 τῆς
1482 1118 1624 1170 αὐγοει-

218 1185 302 1226 δοῦς
320 1187 385 1222 τοῦ
404 1187 519 1222 καλοῦ
540 1183 734 1235 φαντασίας
753 1184 934 1234 ’κυρωθεὶς
954 1183 1172 1235 καταφλέγει
1190 1182 1252 1226 τὰς
1273 1181 1475 1234 σωματικὰς
1489 1182 1622 1234 ἡδονὰς

217 1248 294 1286 εἶτα
322 1247 538 1286 κατακόπτει
565 1249 624 1285 καὶ
653 1246 845 1285 ἐπιλεαίνει
872 1252 924 1299 τῷ
954 1247 1010 1285 ἀεὶ
1039 1247 1196 1299 διαιρέτῃ
1225 1246 1324 1298 λόγῳ
1351 1249 1538 1298 χρώμενος
1561 1248 1620 1285 καὶ

215 1311 373 1352 διδάσκει
400 1311 460 1351 τὸν
487 1310 619 1364 τρόπον
647 1315 771 1350 τοῦτον
801 1309 854 1350 ὅτι
881 1316 952 1350 τῶν
981 1316 1193 1363 σωματικῶν
1222 1310 1372 1363 ἀγαθῶν
1392 1309 1484 1350 ἐστιν
1504 1310 1619 1362 ὑγίεια

213 1376 238 1428 ἦ
268 1376 402 1420 κάλλος
430 1374 454 1427 ἦ
484 1377 508 1427 ἡ
537 1381 608 1414 τῶν
638 1375 843 1426 αἰσθήσεων
873 1375 1036 1429 ἀκρίβεια
1054 1375 1079 1426 ἤ
1099 1374 1139 1414 τὸ
1162 1374 1363 1427 ὁλόκληρον
1384 1375 1473 1427 μετὰ
1499 1374 1620 1427 ἰσχύος

214 1443 272 1481 καὶ
302 1440 426 1495 ῥώμης
454 1444 629 1494 κρατερᾶς
658 1439 752 1479 ἀλλά
772 1455 813 1491 γε
832 1439 947 1479 πάντα
966 1441 1025 1479 καὶ
1043 1444 1114 1478 τῶν
1138 1438 1324 1493 ἐπαράτων
1343 1442 1402 1479 καὶ
1430 1438 1619 1491 ἐξαγίστων

213 1506 286 1546 ἐστὶ
314 1505 416 1546 κοινὰ
445 1503 495 1544 ὧν
524 1506 623 1557 εἴπερ
651 1502 697 1556 ἦν
727 1504 849 1555 ἀγαθὰ
888 1508 1027 1557 φαῦλος
1063 1503 1210 1548 οὐδενὸς
1249 1504 1366 1548 οὐδεὶς
1395 1504 1436 1544 ἂν
1466 1497 1616 1556 μετέχῃ,

211 1572 306 1611 item
333 1571 451 1623 paulo
480 1575 570 1623 post
599 1568 723 1612 ἀκοαῖς
760 1583 801 1619 γε
831 1567 901 1620 μὴν
937 1568 962 1620 ἤ
993 1567 1121 1620 ὀσμαῖς
1156 1572 1282 1622 πολλῷ
1309 1573 1359 1622 τῷ
1392 1568 1546 1621 περιόντι
1572 1568 1617 1607 τὰ

211 1633 328 1685 ἄλογα
356 1633 575 1686 κεκράτηκεν
604 1634 652 1677 ὡς
681 1635 739 1673 καὶ
768 1631 850 1677 ὄνος
880 1632 944 1685 μὲν
972 1632 1012 1672 τὸ
1035 1636 1164 1672 δοκοῦν
1184 1633 1221 1672 ἑν
1242 1634 1348 1678 ζώοις
1368 1634 1458 1673 εἶναι
1477 1632 1615 1673 νωθέσ-

209 1713 315 1737 τατον
343 1697 472 1751 κωφὴν
502 1697 544 1736 ἂν
573 1697 745 1748 ἀποδείξῃ
772 1696 837 1748 τὴν
866 1696 1046 1748 ἡμετέραν
1076 1696 1190 1748 ἀκοὴν
1216 1697 1335 1736 ἐλθὼν
1363 1700 1411 1740 εἶς
1433 1697 1613 1749 ἐπίκρισιν,

209 1765 379 1815 itemque
409 1764 457 1803 de
485 1763 585 1815 prof.
615 1777 652 1815 p.
683 1764 760 1803 549
788 1763 838 1802 Μ.
867 1762 900 1800 τί
929 1758 971 1800 ἂν
1007 1757 1068 1800 οὖν
1108 1760 1349 1814 ἐργασάμενος
1383 1760 1542 1815 ἐκφύγῃς
1570 1759 1614 1800 τὰ

208 1829 440 1879 παλαίσματα
468 1826 578 1865 αὐτοῦ
607 1826 742 1875 σκόπει,
773 1828 913 1877 quibus
941 1828 981 1866 in
1009 1828 1106 1866 locis
1135 1839 1183 1866 ex
1211 1827 1427 1867 Atticorum
1458 1827 1613 1867 dicendi

208 1893 489 1932 consuetudine
527 1892 702 1943 optativo
730 1892 789 1930 uti
818 1891 999 1931 debebat.
1056 1891 1135 1930 Sed
1162 1892 1282 1931 habet
1318 1896 1454 1931 auctor
1480 1896 1614 1932 noster

206 1958 324 1996 istum
369 1957 609 2007 subjunctivi
654 1968 766 1995 usum
811 1967 1053 1995 communem
1091 1967 1177 1994 cum
1218 1956 1306 1995 aliis
1345 1956 1610 2007 scriptoribus.

205 2021 307 2062 Nam
335 2020 442 2072 apud
469 2020 720 2059 Plutarchum
749 2020 892 2070 legitur
920 2020 960 2058 in
988 2019 1120 2058 libello
1150 2019 1198 2059 de
1229 2032 1318 2060 sera
1343 2020 1511 2059 numinis
1529 2020 1610 2060 vin-

205 2085 312 2123 dictu
340 2088 432 2123 tom.
459 2084 566 2135 VIII,
595 2097 632 2136 p.
655 2086 729 2124 201
753 2084 814 2123 ed.
844 2084 1000 2123 Reisk
1030 2081 1071 2120 οὗ
1100 2081 1166 2135 γάρ
1197 2082 1269 2121 ἐστι
1297 2082 1503 2136 θαρραλέον
1533 2081 1608 2121 οὐδ’

203 2145 340 2200 ἄτυφον
371 2147 454 2186 οὐδὲ
485 2146 633 2199 μόνιμον
663 2150 720 2186 καὶ
742 2145 887 2201 βέβαιον
917 2146 955 2185 ὲν
976 2148 1028 2190 οἷς
1047 2151 1267 2199 προαιρεῖται
1286 2146 1327 2185 τὸ
1348 2146 1506 2199 πονηρὸν
1527 2146 1605 2186 ἀλλ’

202 2209 292 2250 ὅπου
329 2213 567 2264 φιλοπλουτία
604 2214 664 2251 καὶ
699 2213 891 2264 φιληδονία
925 2210 1169 2263 περιμάχητος
1205 2213 1264 2250 καὶ
1292 2210 1428 2264 φθόνος
1456 2209 1608 2264 ἄκρατος

201 2275 410 2320 ἐνοικίζεται
439 2275 529 2328 μετὰ
567 2277 772 2328 δυςμενείας
800 2274 824 2327 ἤ
854 2277 1074 2328 κακοηθείας
1110 2275 1268 2315 ἐνταῦθα
1297 2278 1354 2314 καὶ
1392 2278 1608 2328 δεισιδαιμο-

198 2342 275 2379 νίαν
312 2346 456 2380 σκοπῶν
493 2340 535 2379 ἂν
574 2339 682 2393 εὕρῃς
720 2341 1005 2393 ὑποκαθημένην
1039 2342 1106 2380 ubi
1143 2339 1183 2380 ἂν
1225 2340 1332 2393 εὕρῃς
1368 2342 1472 2381 idem
1500 2342 1606 2382 valet

198 2406 304 2457 quod
333 2404 375 2445 ἄν
404 2405 532 2459 εὕροις.
590 2406 758 2447 Chorum
787 2407 895 2447 ducit
923 2407 1115 2447 Homerus
1135 2420 1157 2447 e
1181 2419 1256 2457 quo
1277 2407 1336 2447 vir
1355 2406 1605 2447 doctissimus

197 2472 411 2511 Buttmann
447 2472 487 2510 in
523 2484 580 2522 gr.
610 2471 674 2511 Gr.
706 2473 729 2520 ξ
764 2474 850 2522 139,
881 2475 974 2511 sect.
1005 2474 1041 2522 3,
1071 2476 1139 2510 not
1168 2473 1191 2511 3
1225 2484 1342 2510 unum
1379 2471 1604 2522 hujusmodi

196 2536 417 2587 exemplum
459 2537 590 2575 attulit
632 2536 737 2586 quod
780 2537 819 2575 in
859 2536 1063 2587 Odysseae
1102 2536 1168 2575 lib.
1208 2537 1274 2587 IV,
1322 2549 1358 2576 v.
1401 2538 1474 2579 691
1518 2548 1602 2587 sqq.

195 2601 372 2642 occurrit.
429 2600 543 2640 Adde
573 2614 620 2640 cx
650 2601 797 2640 Iliados
825 2601 890 2639 lib.
920 2602 1064 2652 XXIV,
1096 2602 1172 2640 653
1202 2612 1285 2651 sqq.

911 107 960 151 18
1243 173 1250 178 ,
1389 109 1391 111 ’
1633 0 1732 180 ἶ

1718 293 1732 323 'tj
