1732 2878
776 141 831 180 13.

89 246 297 302 ,putandus
325 251 431 287 esset
456 252 500 287 ut
526 248 567 287 in
594 248 795 288 meliorum
823 249 1055 301 scriptorum
1081 259 1242 287 numero
1260 246 1398 286 haberi
1424 258 1503 285 non

98 315 245 365 posset.
292 311 370 351 Sed
397 312 456 351 illi
484 325 563 351 non
590 324 744 365 semper
771 325 819 353 ea
852 325 930 363 qua
956 325 1029 365 par
1057 316 1152 362 erat,
1182 311 1388 362 diligentia
1415 310 1503 349 Phi-

98 378 228 417 lonem
246 379 524 415 tractaverunt.
572 377 634 416 Ab
653 377 702 416 iis
721 378 861 427 quibus
879 381 1032 417 veteres
1050 377 1171 415 Attici
1198 377 1260 415 usi
1288 380 1390 425 sunt,
1418 388 1502 414 ver-

98 442 236 482 borum
264 440 617 480 constructionibus
645 453 741 480 sane
769 452 1057 491 nonnumquam
1083 440 1246 480 recessit
1265 440 1336 480 sed
1363 443 1503 491 aperta

98 505 196 546 vitia
222 504 374 544 vitavit.
431 505 589 544 Scilicet
624 517 719 544 suae
756 506 899 544 aetatis
934 506 1114 556 exempla
1151 509 1308 544 secutus
1343 509 1404 543 est
1437 505 1502 543 vel

101 569 220 610 etiam
247 568 445 621 poeticam
465 568 634 621 speciem
655 569 823 609 orationi
851 581 946 609 suae
965 569 1102 609 induit.
1148 569 1278 608 Etiam
1297 569 1501 609 verborum

99 634 237 674 modos
257 646 376 685 saepe
394 634 584 683 neglectis
599 634 720 673 Attici
739 635 928 673 sermonis
942 635 1095 684 legibus
1111 635 1251 683 quibus
1264 637 1332 684 jus
1346 634 1501 672 illorum

101 697 433 748 circumscriptum
461 701 557 748 erat,
587 697 639 736 ad
657 697 914 737 recentiorum
933 697 1164 749 scriptorum
1183 709 1295 737 usum
1313 697 1499 737 traduxit.

99 764 187 803 Jam
226 775 318 803 vero
360 763 640 814 particularum
689 775 783 803 usus
824 763 1034 802 Philoneus
1082 762 1291 802 eorundem
1332 764 1501 813 vestigia

99 827 250 879 premit.
314 827 427 866 Nunc
461 827 580 876 igitur
617 827 844 877 singillatim
881 827 929 866 de
968 839 1201 876 unoquoque
1235 826 1391 865 dicendi
1427 838 1501 865 usu

100 903 343 944 exponamus
371 891 639 943 exemplisque
666 895 820 931 utamur
839 892 980 942 quibus
999 892 1214 932 sententias
1232 896 1388 931 nostras
1415 904 1500 943 pro-

99 957 246 994 bemus.
302 956 432 993 Prima
459 956 525 994 let
553 956 648 994 artis
676 956 956 1005 grammaticae
983 956 1081 994 haec
1110 960 1182 1005 est,
1210 960 1253 994 ut
1281 956 1499 1005 subjectum

100 1032 186 1065 clm
213 1020 333 1060 verbo
362 1032 432 1060 suo
462 1019 639 1070 ejusdem
667 1020 718 1059 sit
745 1021 906 1070 numeri,
937 1021 999 1060 cui
1017 1024 1228 1071 praecepto
1248 1020 1349 1059 adeo
1367 1024 1500 1059 noster

72 1096 75 1097 ⁷
100 1097 142 1123 se
171 1084 360 1134 obligavit
386 1088 430 1122 ut
458 1085 616 1136 saepius
645 1096 762 1134 quam
799 1088 951 1124 veteres
989 1085 1110 1124 Attici
1145 1084 1291 1123 nomini
1326 1084 1500 1123 neutrius

99 1149 252 1199 generis
292 1149 435 1200 plurali
475 1149 626 1200 plurale
667 1149 827 1188 verbum
863 1149 1128 1199 subjungeret.
1184 1149 1235 1187 Et
1271 1153 1401 1187 tamen
1439 1153 1500 1187 est

99 1213 166 1251 ubi
194 1213 244 1251 ab
273 1212 487 1251 editoribus
524 1213 678 1263 scriptis
714 1213 912 1252 Philoneis
946 1213 1020 1251 hoc
1055 1213 1193 1251 vitium
1227 1213 1398 1251 inustum
1435 1212 1498 1262 sit,

100 1281 143 1317 ut
170 1277 389 1328 subJectum
418 1290 443 1316 a
470 1278 589 1317 verbo
617 1290 776 1317 numero
806 1277 973 1317 differat.
1015 1278 1112 1328 Ejus
1140 1277 1295 1327 generis
1323 1277 1500 1317 illustris-

101 1343 239 1381 simum
267 1343 488 1393 exemplum
517 1347 576 1381 est
604 1343 709 1392 quod
738 1343 787 1381 de
814 1343 948 1381 mundi
986 1343 1079 1393 opif.
1108 1356 1146 1393 p.
1177 1344 1226 1381 27
1256 1343 1296 1380 in
1323 1342 1498 1381 Muelleri

101 1406 271 1446 editione
299 1407 457 1456 legitur:
487 1405 603 1458 εὑρεῖν
631 1405 699 1458 γάρ
721 1404 812 1445 ἐστιν
833 1405 892 1444 ὅτε
915 1404 1043 1445 κόλποι
1062 1407 1243 1457 θαλάττης
1263 1406 1499 1457 ὑποσυρείσης

101 1469 285 1520 ἀμπώτεσι
314 1472 428 1521 βαθὺς
465 1470 632 1520 ἐξαίφνης
668 1469 826 1519 αἰγιαλὸς
863 1470 936 1520 ἰἠσι
971 1473 1044 1508 κτλ.
1075 1482 1175 1519 quae
1210 1471 1331 1509 verba
1367 1471 1498 1508 nescio

101 1546 151 1572 an
177 1534 285 1573 nulla
312 1534 400 1584 lege
429 1534 590 1573 astricta
618 1534 706 1573 sint.
761 1534 947 1573 Fortasse
974 1534 1100 1573 virum
1128 1534 1396 1573 doctissimum
1423 1533 1497 1573 for-

100 1599 204 1637 mula
240 1595 332 1635 ἔστιν
370 1596 430 1635 ὅτε
465 1599 505 1636 in
540 1611 709 1637 errorem
743 1598 898 1637 induxit
934 1599 996 1636 cui
1033 1599 1296 1637 nominativus
1334 1599 1499 1649 pluralis

100 1673 194 1701 sane
222 1662 317 1701 addi
344 1666 486 1713 potest,
516 1663 724 1702 dummodo
752 1663 912 1702 verbum
940 1662 1091 1701 finitum
1116 1662 1221 1712 quod
1239 1663 1500 1714 praecedente

100 1727 371 1778 conjunctione
401 1722 461 1764 ὅτε
489 1727 600 1777 sequi
628 1727 756 1779 debet,
785 1728 825 1766 in
853 1727 991 1767 eodem
1009 1739 1169 1766 numero
1198 1731 1376 1779 ponatur.
1421 1727 1500 1767 Sed

100 1790 173 1830 hoc
200 1792 286 1830 loco
315 1791 389 1841 ἰἠσι
416 1792 479 1830 vel
506 1796 550 1829 ut
576 1793 721 1831 rectius
739 1793 925 1842 scriptum
953 1796 1013 1830 est
1040 1793 1081 1829 in
1108 1793 1193 1830 libr.
1214 1804 1307 1830 msc.
1328 1793 1500 1841 Mangeii

102 1853 151 1896 εἴς
171 1868 236 1892 εισι
265 1855 448 1905 sequitur.
486 1855 624 1894 Melius
652 1856 770 1905 igitur
787 1856 943 1895 videtur
970 1868 1019 1895 ex
1048 1856 1200 1895 duabus
1219 1859 1394 1895 veterum
1421 1855 1501 1895 edi-

100 1919 247 1959 tionum
291 1924 330 1959 et
364 1920 550 1959 librorum
588 1932 681 1960 msc.
719 1921 890 1970 Mangeii
931 1912 1163 1960 lectionibus
1199 1920 1361 1959 conflari
1398 1921 1500 1959 hanc

100 1994 237 2022 unam:
267 1982 405 2034 εὐρείας
433 1982 501 2035 γὰρ
531 1981 623 2022 ἔστιν
653 1982 712 2022 ὅτε
741 1984 874 2022 κόλπον
903 1983 1090 2034 θαλάσσης
1111 1983 1350 2035 ὑποσυρείσηρ
1370 1983 1500 2035 ἀμπιό-

99 2060 171 2085 τεσι
199 2047 312 2100 βαθὺς
341 2047 507 2100 ἐξαίφνης
536 2047 695 2099 αἰγιαλὸς
723 2048 851 2091 εἴςεισι.
907 2050 990 2090 Nec
1018 2050 1144 2088 minus
1172 2049 1214 2088 id
1242 2053 1353 2088 curat
1377 2049 1500 2100 philo·
1552 2100 1553 2103 Ἴ

101 2112 245 2163 sophus
273 2117 405 2152 noster
423 2117 466 2151 ut
485 2124 573 2151 cum
592 2114 836 2152 substantivo
860 2114 1047 2165 adJectivi
1075 2114 1138 2153 vel
1157 2114 1354 2165 participii
1374 2113 1499 2153 additi

101 2179 140 2214 et
165 2190 288 2227 genus
317 2181 355 2216 et
384 2190 499 2216 casus
520 2182 720 2227 congruat.
768 2177 1028 2223 Quamobrem
1057 2178 1106 2217 de
1125 2178 1228 2217 conf.
1247 2178 1342 2227 ling.
1362 2192 1400 2229 p.
1421 2180 1498 2217 423

99 2240 165 2278 ubi
192 2242 309 2291 vulgo
338 2242 479 2291 legitur
505 2245 575 2279 τῶν
604 2239 786 2279 δ’ἀνοσίων
806 2239 955 2283 ἕκαστος
975 2238 1131 2279 διάνοιαν
1152 2240 1217 2292 μὲν
1236 2240 1376 2292 ἡγεῖται
1394 2241 1498 2292 χαρί-

101 2304 225 2344 ζεσθαι
253 2305 371 2357 ἑαυτῷ
399 2303 462 2347 τάς
490 2320 527 2343 τε
555 2304 773 2357 καταλήψεις
801 2307 860 2343 καὶ
898 2304 1097 2356 διανοήσεις
1136 2304 1350 2357 ὀφθαλμοὺς
1387 2304 1428 2343 δὲ
1456 2303 1496 2343 τὸ

102 2365 242 2417 βλέπειν
270 2371 330 2408 καὶ
359 2368 502 2408 ἀκούειν
531 2365 607 2408 ὦτα
634 2371 692 2408 καὶ
721 2373 901 2421 μυκτῆρας
930 2368 1187 2422 ὀσφραίνεσθαι
1209 2371 1267 2408 καὶ
1294 2367 1356 2412 τὰς
1385 2367 1498 2413 ἄλλας

102 2432 282 2484 αἰσθήσεις
317 2433 361 2472 τὰ
390 2436 505 2473 οἰκεῖα
538 2433 681 2476 ἑαυταῖς
717 2432 770 2472 ἔτι
803 2432 922 2485 μέντοι
955 2436 1015 2473 καὶ
1051 2434 1095 2472 τὰ
1132 2439 1254 2486 φωνῆς
1290 2431 1425 2485 ὄργανα
1457 2433 1498 2472 τὸ

100 2493 214 2545 λέγειν
242 2499 330 2536 θεον
358 2497 399 2536 δὲ
427 2497 451 2549 ἤ
482 2497 531 2549 μὴ
562 2497 720 2541 συνόλως
747 2496 771 2549 ἢ
796 2497 845 2549 μὴ
868 2500 918 2541 ὡς
936 2503 1077 2550 πρῶτον
1098 2498 1207 2536 αἴτιον
1227 2495 1268 2536 ὅν
1295 2499 1500 2549 Mangcius

99 2564 202 2600 recte
229 2575 300 2614 pro
330 2559 370 2600 ὅν
399 2564 567 2613 conjecit
595 2559 680 2600 ὅντα
707 2567 750 2601 ut
777 2576 865 2602 cum
893 2564 1137 2603 substantivo
1158 2561 1244 2600 θέον
1264 2564 1499 2603 conveniret.

102 2622 179 2664 Sed
206 2625 310 2666 idem
338 2639 456 2677 quum
483 2627 533 2666 de
563 2627 685 2678 plant.
740 2627 826 2668 Noe
853 2641 892 2680 p.
921 2630 997 2667 353
1027 2627 1151 2667 edidit
1186 2625 1248 2670 τὰς
1284 2625 1324 2665 δὲ
1360 2627 1503 2681 πράξεις
