1732 2878
1294 0 1299 3 '
1345 0 1377 10 “’-
1400 1 1403 3 ’
1429 0 1578 19 ,“·,“·,,.-“5Ἰ”
1674 0 1678 2 ’

849 148 897 188 14

1603 66 1612 76 v

168 252 344 303 γενέσεως
372 255 431 291 καὶ
459 256 618 304 σπουδῆς
647 253 745 298 ἀξίας
773 257 832 294 καὶ
860 254 970 298 αὐτὰς
998 255 1048 298 ὥς
1073 253 1161 298 ἔπος
1188 257 1300 295 εἰπεῖν
1319 255 1471 309 ἄρρενας
1499 256 1576 302 ἐξε-
1603 271 1607 273 ’

168 315 330 368 θήλυναν
360 332 394 358 α.
425 332 460 358 α.
490 334 522 358 κ.
552 333 581 358 ε.
613 315 662 361 ὣς
691 317 835 370 ὀλίγους
863 320 953 358 εἶναι
988 318 1206 358 παντάπασιν
1243 320 1424 372 ἑκατέροις
1459 319 1575 374 ἔργοις

166 396 206 419 τε
242 383 301 420 καὶ
338 380 458 432 λόγοις
496 381 763 434 ἀρχαιοτρόπου
802 385 994 435 ζηλώσεως
1032 382 1183 434 ἐρῶντες
1222 397 1300 424 non
1336 389 1442 425 recte
1480 385 1575 427 fecit

167 447 274 497 quod
302 446 394 487 edit.
423 447 546 488 Paris.
576 447 785 489 lectionem
814 447 970 500 ἐρῶντας
998 449 1148 502 expulit
1176 462 1293 501 quam
1320 450 1380 491 vir
1412 450 1575 503 diligen-

166 513 341 552 tissimus
369 513 581 552 Pfeiffer
609 515 796 553 enotavit.
844 515 945 554 Nam
973 526 1091 564 quum
1118 514 1192 553 hoc
1219 515 1469 567 participium
1494 529 1573 555 non

165 577 303 616 referri
345 577 399 616 ad
441 575 583 627 ὀλίγους
624 590 703 617 non
744 579 888 630 possit,
931 578 1025 629 quid
1066 578 1291 619 mendosius
1332 580 1573 620 nominativo

168 640 348 692 ἐρῶντεςῖ
400 643 479 681 Sed
519 655 681 681 casuum
719 644 850 682 verbis
886 644 1244 693 subJungendorum
1278 644 1380 682 ratio
1418 644 1573 683 Philoni

165 706 313 745 usitata
341 706 516 745 nonnihil
543 706 663 745 habet
690 707 934 746 insolentiae.
981 707 1083 747 Nam
1110 711 1154 746 ut
1182 708 1232 746 ab
1261 708 1488 747 accusativo
1508 720 1573 747 ex-

166 770 298 810 ordiar
325 771 486 811 verbum
513 771 715 823 passivum
745 769 979 822 ἐκτέμνεσθαι
1007 773 1151 824 quippe
1179 772 1284 823 quod
1311 773 1430 812 verbo
1467 771 1572 825 ἀφαι-

169 837 309 886 ρεῖσθαι
337 840 548 885 cognatum
577 837 628 875 sit
656 848 744 874 cum
773 837 998 875 accusativo
1019 839 1105 887 eJus
1123 837 1291 876 nominis
1310 841 1573 876 constructum

164 900 343 940 invenias
371 913 447 950 quo
476 912 539 940 res
567 904 725 940 notatur
753 912 831 951 qua
859 901 946 951 quis
982 900 1192 941 destitutus
1228 901 1298 952 sit,
1334 905 1377 941 ut
1404 902 1445 941 in
1471 902 1570 942 libro

165 965 280 1011 Quod
308 966 416 1004 Deus
446 966 497 1004 sit
524 965 777 1003 immutabilis
804 978 842 1015 p.
871 967 950 1003 292
978 966 1028 1003 Μ.
1057 964 1081 1015 ἡ
1112 964 1232 1008 δὲῦείς
1259 964 1298 1003 ἒν
1318 965 1413 1008 εἶδος
1441 964 1571 1004 λευκὸν

166 1030 421 1082 μεταβαλοῦσα
459 1028 624 1082 [scilicet
660 1027 789 1081 λέπρα]
829 1027 894 1079 τὴν
941 1027 1107 1067 ἀκούσιον
1152 1029 1390 1081 διασυνίστησι
1434 1028 1570 1082 τροήν

165 1093 310 1132 ἐπειδὰν
338 1092 378 1131 τὸ
418 1094 620 1144 λογίζεσδαι
656 1093 674 1131 ὁ
704 1097 785 1136 νοῦς
815 1092 1006 1144 ἑκτμηθεὶς
1035 1091 1121 1132 ὅλον
1150 1095 1193 1132 δι’
1229 1092 1325 1133 ὅλων
1354 1111 1390 1145 μ.
1419 1110 1449 1134 τ.
1479 1109 1510 1134 ε.
1538 1109 1568 1134 τ.

165 1174 197 1199 σ.
227 1173 258 1199 σ,
291 1174 322 1199 υ.
380 1156 497 1210 ὥςπερ
532 1157 551 1195 ὁ
583 1156 619 1195 ἐν
657 1157 766 1208 ἀχλοί
802 1159 860 1195 καὶ
881 1156 997 1209 σκότῳ
1017 1159 1128 1211 βαθεῖ
1144 1156 1256 1209 μηδὲν
1281 1157 1349 1210 ὁρᾷ
1366 1163 1438 1197 τῶν
1456 1174 1571 1211 πρακ-

162 1222 253 1262 τέων
290 1235 409 1274 quum
446 1235 555 1262 mens
592 1227 677 1262 arte
712 1222 912 1272 cogitandi
950 1223 1139 1263 destituta
1175 1223 1272 1262 nihil
1308 1236 1440 1263 eorum
1468 1237 1569 1274 quae

164 1288 348 1327 facienda
376 1292 466 1327 sunt
493 1287 641 1326 videat.
698 1287 845 1326 Similis
880 1287 990 1326 locus
1024 1287 1191 1327 habetur
1226 1287 1275 1327 de
1310 1288 1444 1328 mundi
1473 1288 1567 1341 opif.

162 1368 200 1406 p.
233 1355 280 1392 17
310 1353 360 1392 Μ.
388 1356 460 1390 τῶν
489 1348 602 1390 ὄντων
622 1350 666 1389 τὰ
697 1349 762 1402 μὲν
792 1350 873 1389 οὔτε
903 1350 1032 1403 ἀρετῆς
1063 1348 1144 1390 οὔτε
1173 1353 1298 1395 κακίας
1327 1351 1472 1404 μετέχει
1501 1351 1569 1396 ὥςὲ

161 1432 227 1468 περ
258 1408 352 1468 φυτὰ
381 1418 439 1454 καὶ
469 1419 546 1459 ζῶα
575 1413 691 1466 ἄλογα
718 1415 762 1453 τὰ
792 1415 857 1466 μὲν
886 1414 939 1453 ὅτι
967 1414 1091 1468 ἀψυχά
1118 1430 1156 1454 τε
1177 1415 1327 1454 ἐστικαὶ
1354 1415 1567 1469 ἀφαντάστῳ

161 1481 266 1534 φύσει
295 1484 477 1520 διοικεῖται
512 1480 557 1518 τὰ
594 1478 634 1518 δὲ
665 1477 718 1518 ὅτι
745 1481 804 1518 καὶ
840 1484 923 1518 νοῦν
951 1482 1010 1518 καὶ
1045 1479 1153 1531 λόγον
1175 1496 1177 1499 ·
1197 1479 1407 1532 ἐκτέτμηται
1434 1482 1501 1522 ubi
1528 1483 1569 1521 in

161 1548 246 1587 libr.
268 1559 361 1587 msc.
380 1547 509 1597 Mang.
531 1559 555 1585 a
574 1546 743 1585 librariis
762 1549 806 1584 ut
824 1545 941 1596 hujus
960 1546 1259 1585 constructionis
1278 1547 1425 1597 ignaris
1449 1551 1567 1597 atque

161 1613 420 1652 insolentibus
448 1612 635 1662 scriptum
664 1615 725 1650 est
754 1611 795 1647 οὐ
825 1609 1003 1661 κέκτηται.
1057 1611 1207 1650 Eadem
1241 1615 1301 1650 est
1329 1612 1564 1651 constructio

159 1678 270 1716 verbi
299 1675 558 1726 ἐξευνουχίζειν
587 1676 627 1713 in
662 1675 761 1713 libro
791 1674 907 1720 Quod
934 1675 1044 1714 Deus
1079 1675 1132 1714 sit
1157 1675 1305 1714 immut.
1340 1689 1378 1727 p.
1409 1677 1485 1715 289
1513 1676 1563 1715 M.

158 1739 281 1792 ἕτερος
310 1740 351 1778 δέ
378 1755 429 1782 τις
458 1741 710 1791 φιλοσώματος
738 1740 797 1776 καὶ
825 1738 1031 1790 φιλοπαθὴς
1060 1742 1142 1781 νοῦς
1170 1740 1318 1790 πραθεὶς
1345 1742 1388 1790 τῆ
1410 1737 1566 1791 ἀργιμα-

158 1806 267 1857 γείρῳ
294 1809 358 1843 τοῦ
397 1805 633 1855 συγκρίματος
669 1803 774 1854 ἡμῶν
813 1802 934 1854 ἡδονῇ
961 1805 1020 1840 καὶ
1049 1802 1332 1854 ὲξευνουχισθεὶς
1361 1802 1406 1841 τὰ
1432 1801 1564 1855 ἄρρενα

160 1872 217 1909 καὶ
253 1868 440 1921 γεννητικὰ
477 1872 541 1919 τῆς
577 1872 696 1921 ψυχῆς
733 1866 823 1919 μέρη
862 1866 994 1916 πάντα,
1035 1866 1157 1906 σπάνει
1190 1867 1414 1920 κεχρημένος
1442 1871 1565 1908 καλῶν

159 1934 452 1987 ἐπιτηδευμάτων
491 1937 565 1973 κτλ.
622 1934 829 1973 Translate
858 1934 988 1985 posuit
1020 1933 1132 1972 Philo
1152 1937 1191 1972 et
1219 1933 1385 1985 simplex
1403 1934 1564 1974 verbum

159 2000 305 2053 ὀμβρεῖν
334 2005 374 2040 et
402 1999 661 2051 compositum
682 1997 871 2050 ἀνομβρεῖν
892 1998 941 2038 de
961 1999 1009 2038 iis
1028 1999 1144 2038 rebus
1164 2011 1265 2048 quae
1283 1999 1407 2038 instar
1429 1999 1564 2039 imbris

160 2066 409 2106 effunduntur
438 2069 477 2104 et
505 2076 590 2103 eum
621 2076 754 2103 earum
789 2064 1015 2102 accusativo
1045 2063 1278 2113 construxit,
1316 2068 1358 2102 ut
1385 2063 1435 2103 de
1462 2064 1562 2115 prof.
1597 2057 1611 2072 ⁹

157 2145 195 2182 p.
233 2132 309 2169 575
345 2130 395 2168 M.
435 2127 564 2166 οὐκοῦν
602 2127 620 2164 ὁ
662 2126 747 2169 θεός
783 2126 874 2165 ἐστιν
913 2126 936 2177 ἡ
972 2125 1198 2179 πρεσβυτάτη
1236 2125 1399 2179 [scilicet
1434 2125 1561 2180 πηγή].

157 2195 230 2233 Καὶ
259 2192 388 2245 μήποτ’
419 2191 577 2235 εἰκότως.
634 2191 705 2230 Τὸν
732 2191 801 2243 γὰρ
839 2191 1025 2242 σόμπαντα
1059 2195 1184 2230 τοῦτον
1212 2190 1348 2241 κόσμον
1377 2189 1562 2244 ὤμβρησε,

156 2271 258 2310 quae
286 2259 408 2297 verba
436 2258 492 2296 sic
519 2261 670 2296 vertas:
701 2269 793 2306 ergo
822 2257 930 2295 Deus
958 2256 1253 2306 antiquissimus
1282 2255 1370 2294 sons
1399 2259 1469 2295 est.
1510 2256 1563 2295 Et

156 2324 315 2373 merito,
349 2323 451 2361 hane
480 2322 581 2361 enim
610 2334 728 2371 quam
756 2321 967 2372 aspicimus
1003 2333 1131 2360 rerum
1160 2324 1378 2360 creatarum
1407 2321 1560 2373 copiam

157 2389 308 2437 effudit,
338 2387 388 2426 de
416 2387 539 2438 plant.
568 2386 653 2425 Noe
682 2399 719 2436 p.
741 2387 815 2424 341
848 2389 992 2422 σκοπῶν
1020 2399 1053 2434 γ.
1084 2383 1247 2435 εὑρήσεις
1275 2388 1386 2422 ταῦτα
1416 2383 1560 2422 ἐκείνων

156 2451 197 2491 οὐ
228 2450 397 2505 βραχέσιν
427 2448 521 2489 ἀλλὰ
551 2448 719 2501 μεγάλοις
748 2447 981 2500 διαστήμασιν
1011 2447 1211 2487 ἀποδέοντα
1231 2448 1362 2500 σχεδὸν
1381 2447 1559 2487 ἀδυνάτου

154 2519 382 2560 καθεστῶτος
419 2514 508 2568 πρὸς
544 2515 704 2566 ἡντινοῦν
740 2515 978 2566 τελειωθῆναι
1013 2512 1143 2565 τέχνην
1181 2517 1299 2565 πηγῆς
1333 2513 1465 2566 τρόπον
1504 2512 1560 2552 ἀεὶ

153 2580 365 2634 κινουμένην
402 2583 461 2620 καὶ
499 2579 749 2632 θεωρημάτων
786 2579 963 2618 παντοίων
1001 2578 1096 2622 ἰδέας
1133 2577 1381 2631 ἆνομβροῦσαν
1414 2591 1490 2630 quo
1519 2579 1559 2619 in

152 2649 238 2688 loco
267 2652 466 2699 postrema
494 2647 615 2686 verba
644 2646 700 2685 sic
719 2645 882 2685 reddas:
912 2645 1043 2684 Paene
1063 2645 1304 2696 impossibile
1324 2644 1443 2683 estin
1465 2656 1557 2694 qua-
