1732 2878
0 0 199 58 {aar

115 210 226 259 eujus
252 194 345 256 pars
372 201 568 252 quaedam
595 203 636 241 in
663 203 857 242 aerarium
890 203 1092 242 referatur.
1146 201 1258 248 Quae
1277 200 1515 251 significatio

107 261 188 324 'quo
226 267 343 309 modo
382 279 405 307 e
438 267 644 319 principali
679 267 797 318 hujus
834 268 1017 309 vocabuli
1057 267 1217 307 notione
1263 266 1354 306 duci
1390 265 1517 318 possit

113 338 243 378 mente
268 344 358 372 mea
385 332 544 382 assequi
571 345 648 371 non
675 344 846 384 possum.
902 333 1040 382 Itaque
1076 344 1164 371 cum
1196 331 1378 381 Mangeio
1407 331 1516 370 facili

115 397 386 442 emendatione
421 397 478 436 sic
519 396 681 436 rescribi
716 396 853 436 velim:
895 391 919 447 ᾗ
966 398 1025 434 καὶ
1071 395 1192 438 πόλεις
1233 394 1291 433 ἐπὶ
1331 393 1515 446 κλήρων

116 464 262 504 εἰώθασι
289 461 449 511 χρῆσθαι
476 459 689 498 κελεύουσα(
715 460 754 498 τὸ
784 460 860 498 ἴσον
889 458 1039 498 ἕκαστον
1067 464 1138 498 τῶν
1170 463 1324 498 πολιτῶν
1353 458 1423 497 ἀπὸ
1452 463 1516 508 τῆς

116 526 235 568 οὐσίας
263 522 434 575 εἰςφέρειν
462 522 503 561 οὐ
541 522 662 573 δήπου
692 522 729 561 ἐν
758 522 899 575 ἀριθμῷ
929 522 1007 561 ἀλλ’
1037 522 1222 573 ἀναλόγως
1249 527 1313 561 τοῦ
1338 525 1418 575 περὶ
1453 521 1514 560 τὸν

116 594 288 641 κλῆρον
322 587 532 638 τιμήματος.
586 589 738 628 Nomen
773 586 842 638 κῆρ
879 589 920 627 in
948 589 1124 626 omnibus
1152 589 1261 627 libris
1287 588 1448 627 Graecis
1467 588 1516 627 si-

116 654 276 706 gnificat
303 653 434 702 letum,
463 652 685 703 perniciem,
715 652 979 691 calamitatem
998 652 1060 691 vel
1087 652 1216 691 labem
1242 655 1281 690 et
1307 652 1513 690 maculam.

116 717 334 759 Mirandum
361 717 480 766 igitur
508 720 588 767 est,
626 716 730 766 quod
758 717 798 755 in
834 716 933 755 libro
963 716 1012 755 de
1039 716 1204 766 plantat.
1259 716 1344 755 Noe
1370 729 1408 767 p.
1438 717 1516 754 336

117 783 178 823 ed.
213 781 342 831 Mang.
381 781 433 820 ad.
460 781 577 820 istam
612 793 749 820 vocem
783 793 884 830 quae
919 781 1076 819 minime
1112 780 1306 829 quadrant
1343 779 1517 831 epitheta

118 845 309 888 ἀτίθασσος
338 849 377 885 et
405 843 667 896 ὲξηγριωμένος
695 845 883 896 adjuncta
919 849 1020 884 sunt.
1077 845 1156 884 Sed
1183 847 1297 895 κῆρας
1324 844 1398 883 hoe
1429 844 1516 883 loco

118 923 167 953 ex
193 922 291 951 voce
319 910 437 961 θῆρας
465 913 687 962 corruptum
716 922 802 950 esse
830 910 893 949 vel
911 909 1204 949 hebetissimum
1222 909 1417 948 hominem
1439 921 1517 948 non

118 976 228 1026 fugit.
285 975 394 1014 Solet
421 975 523 1013 enim
550 974 806 1026 philosophus
833 978 965 1013 noster
983 974 1232 1025 perturbatos
1251 973 1371 1013 animi
1389 977 1517 1013 motus

119 1051 345 1091 comparare
364 1051 451 1078 cum
470 1039 574 1078 feris.
630 1039 799 1078 Verbum
818 1042 958 1089 κρατεῖν
987 1052 1012 1077 a
1030 1039 1158 1090 poetis
1177 1042 1217 1077 et
1238 1038 1517 1077 recentioribus

117 1103 310 1156 pedestris
338 1103 525 1142 orationis
554 1104 776 1143 auctoribus
805 1103 854 1143 de
881 1103 931 1142 iis
958 1103 1075 1143 rebus
1103 1103 1245 1142 dicitur
1272 1114 1370 1153 quas
1398 1114 1516 1142 manu

119 1172 305 1207 tenemus.
360 1168 472 1206 Hanc
501 1167 826 1217 significationem
854 1171 1010 1206 secutus
1028 1167 1139 1206 Philo
1170 1167 1370 1217 eleganter
1396 1167 1516 1206 verbo

121 1234 260 1282 κρατεῖν
289 1231 339 1270 de
366 1232 488 1282 plant.
543 1232 628 1272 Noe
654 1245 693 1282 p.
723 1233 813 1282 331,
843 1232 903 1270 ed.
932 1232 1061 1281 Mang.
1091 1235 1213 1270 totum
1249 1231 1435 1270 mundum
1462 1231 1517 1269 in-

121 1296 268 1335 dicavit
295 1296 410 1345 quasi
436 1296 512 1335 Dei
545 1308 662 1335 manu
699 1296 833 1335 teneri.
888 1296 996 1335 Nihil
1029 1296 1149 1345 igitur
1183 1308 1328 1334 causae
1363 1298 1423 1334 est
1450 1307 1518 1334 cur

69 1408 73 1411 γ
121 1363 385 1411 conjecturam
429 1374 453 1400 a
488 1361 669 1411 Mangeio
714 1361 956 1412 propositam
995 1358 1226 1410 ἐκραταιοῦτο
1265 1360 1516 1411 accipiamus.

119 1425 366 1475 Adjectivum
395 1423 502 1466 ὁλκός
529 1437 601 1464 nec
629 1425 735 1476 apud
762 1425 964 1463 Philonem
992 1425 1217 1473 infrequens
1249 1428 1308 1463 est
1336 1428 1376 1463 et
1411 1424 1516 1475 apud

117 1489 320 1528 Platonem
348 1489 525 1538 occurrit,
553 1493 597 1527 ut
623 1489 664 1527 in
691 1489 804 1528 Oivit.
833 1489 899 1527 lib.
928 1489 1014 1538 VII,
1042 1502 1080 1539 p.
1101 1490 1175 1527 5-21
1206 1489 1254 1526 D.
1301 1489 1440 1537 Itaque
1458 1488 1518 1527 vir

120 1553 299 1602 egregius
326 1553 666 1592 Tischendorf
689 1553 729 1591 in
756 1553 855 1591 libro
885 1552 934 1592 de
962 1553 1193 1603 posteritate
1221 1552 1333 1591 Caini
1360 1566 1398 1603 p.
1425 1554 1516 1601 239,

120 1616 179 1656 ed.
216 1617 345 1667 Mang.
385 1617 531 1656 codicis
568 1617 749 1656 Vaticani
783 1617 1014 1668 scripturam
1051 1614 1095 1653 τὰ
1129 1614 1197 1667 γὰρ
1232 1615 1368 1666 ἡδονῆς
1405 1614 1517 1653 ὁλκοῦ

120 1679 272 1720 δελέατα
300 1679 468 1734 αὐστηρῷ
496 1679 588 1733 τόνῳ
616 1683 783 1720 καθελεῖν
813 1680 953 1733 ἰσχύσαι
981 1679 1041 1719 τὸν
1062 1679 1119 1732 ἐφ’
1151 1679 1327 1724 ἑκουσίοις
1354 1677 1435 1732 ἔχει
1457 1695 1519 1719 κα-

119 1747 343 1796 τορθώμασιν
380 1743 523 1783 ἔπαινον
556 1751 706 1785 mutare
745 1759 822 1784 non
862 1747 1041 1785 debebat.
1097 1747 1180 1785 Nee
1218 1746 1320 1784 enim
1358 1746 1519 1785 verbum

121 1809 294 1862 ἑλκούσης
322 1811 460 1851 melius
489 1815 549 1851 est
576 1823 693 1862 quam
721 1811 960 1862 adjectivum
997 1808 1119 1850 ὁλκοῦ.
1175 1810 1235 1850 De
1261 1810 1396 1850 mundi
1423 1810 1517 1863 opis.

120 1889 158 1926 p.
189 1878 234 1915 11
265 1877 327 1915 ed.
355 1877 484 1925 Mang.
512 1877 547 1915 J.
577 1877 622 1914 G.
651 1876 856 1914 Mueller
888 1876 991 1914 male
1018 1876 1218 1914 intellecta
1245 1875 1284 1913 vi
1319 1876 1520 1926 praeposi-

121 1939 236 1979 tionis
263 1938 350 1991 πρός
385 1940 538 1978 Philoni
574 1939 671 1979 haec
707 1939 858 1978 tribuit:
897 1939 929 1976 οἱ
967 1938 1236 1990 καρυατίζοντες
1265 1939 1414 1977 εἰώθασι
1441 1939 1520 1989 τρία

122 2001 159 2040 ὲν
197 2003 353 2055 ἐπιπέδῳ
390 2003 633 2055 προςτιθέντες
670 2002 786 2055 κάρυα
830 2002 1011 2054 ἐπιφέρειν
1047 2001 1086 2041 ἓν
1123 2007 1248 2054 σχῆμα
1282 2002 1520 2055 πυραμοειὸὲς

122 2066 392 2119 ἂπογεννῶντες.
431 2070 495 2108 Sic
524 2070 625 2108 enim
653 2069 805 2119 aceepit
831 2067 1073 2118 προςτιθέντες
1091 2072 1134 2106 ut
1162 2072 1242 2107 tres
1272 2080 1392 2107 nuces
1420 2081 1519 2108 com·

120 2133 212 2183 poni
240 2133 491 2183 significaret,
520 2145 621 2183 quae
649 2133 883 2183 significatio
913 2145 937 2171 a
964 2133 1255 2183 praepositione
1283 2130 1372 2183 πρός
1403 2133 1520 2184 plane

121 2196 249 2236 aliena
294 2202 364 2237 est.
420 2198 579 2244 Veram>
605 2200 735 2236 autem
778 2197 984 2235 lectionem
1025 2195 1250 2247 προτιθέντες
1293 2196 1381 2235 libri
1425 2209 1519 2235 msc.

121 2260 290 2311 Mangcii
318 2275 405 2302 cum
423 2262 615 2302 varietate
634 2262 803 2301 Turnebi
824 2261 1088 2312 suppeditant.
1138 2259 1330 2312 Προτροπή
1351 2262 1384 2301 si
1403 2261 1519 2312 hujus

120 2327 286 2366 nominis
315 2328 503 2377 originem
529 2327 757 2378 respicimus
785 2338 862 2364 non
891 2326 999 2364 aliud
1019 2326 1216 2376 significat
1244 2338 1360 2376 quam
1387 2326 1519 2365 eohor-

121 2391 319 2431 tationem.
375 2392 508 2432 Facile
535 2392 653 2442 igitur
672 2394 836 2443 apparet
856 2391 892 2430 ei
910 2391 1039 2430 locum
1057 2404 1134 2430 non
1165 2403 1251 2431 esse
1271 2391 1319 2430 de
1339 2391 1518 2441 agricult.

121 2466 158 2504 p.
179 2457 257 2495 324
276 2456 337 2495 ed.
366 2457 496 2505 Mang.
525 2457 592 2495 ubi
610 2456 721 2494 Philo
741 2455 950 2504 allegorice
971 2455 1019 2494 de
1047 2456 1257 2494 Deuteron.
1277 2456 1365 2504 XX,
1387 2458 1410 2494 5
1435 2467 1518 2505 sqq.

122 2520 313 2570 exposuit.
369 2522 431 2561 Ita
459 2521 560 2561 enim
588 2520 690 2560 hunc
717 2521 844 2560 locum
871 2520 1146 2572 interpretatur
1180 2523 1225 2559 ut
1257 2520 1285 2559 ii
1313 2520 1379 2570 qui
1407 2520 1520 2560 bonis

84 2575 87 2579 ⁷
123 2584 271 2629 artibus
298 2586 441 2624 initiati
470 2586 548 2624 sint
575 2586 717 2634 quique
744 2597 975 2635 progressus
994 2586 1034 2623 in
1052 2584 1194 2623 studiis
1214 2584 1376 2623 fecerint
1395 2589 1434 2623 et
1453 2585 1520 2634 qui
