1732 2878
1691 105 1732 132 ,ἢ

876 127 924 166 12

195 233 259 273 Ad
286 233 361 274 hoc
388 234 491 274 enim
519 246 638 273 unum
657 234 874 275 alterumve
893 235 1180 275 substantivum
1207 246 1375 285 quocum
1393 234 1494 274 alias
1513 247 1602 275 con-

195 299 386 339 sociatum
421 310 508 338 esse
545 298 645 338 solet
681 299 978 350 intelligendum
1016 303 1088 339 est.
1143 299 1230 339 Huc
1258 311 1280 339 e
1306 299 1470 339 Philone
1504 298 1602 339 refe-

195 363 358 403 rendum
387 367 448 403 est
475 363 524 403 de
543 375 672 403 rerum
692 363 812 403 divin.
833 364 914 404 her.
934 378 972 417 p.
994 366 1068 404 501
1092 363 1152 404 ed.
1173 364 1302 415 Mang.
1322 362 1388 414 τὴν
1407 362 1447 402 δὲ
1466 361 1601 403 τούτων

198 426 341 477 ἐμμελῆ
372 425 536 465 σύνθεσίν
555 442 594 465 τε
614 428 675 465 καί
693 432 828 478 κρᾶσιν,
857 427 898 465 τὸ
919 428 1158 480 πρεσβύτατον
1178 430 1236 465 καὶ
1255 427 1477 466 τελειότατον
1494 425 1614 492 ἔργονί

195 487 295 542 ἅγιον
324 490 373 534 ὡς
402 489 553 542 ἀληθῶς
582 491 672 529 εἷναι
700 491 910 545 συμβέβηκε
937 490 999 531 τὸν
1027 492 1161 544 κόσμον
1191 489 1230 530 ὃν
1255 490 1313 531 διὰ
1333 490 1517 545 συμβόλου
1536 496 1601 531 τοῦ

195 555 421 607 θυμιάματος
451 556 563 593 οἴεται
598 558 671 593 δεῖν
708 555 931 607 εὐχαριστεῖν
967 561 1018 609 τῷ
1055 556 1280 608 πεποιηκότι,
1315 557 1373 594 ἵνα
1407 555 1506 608 λόγῳ
1535 555 1600 607 μὲν

193 619 217 672 ἡ
258 623 436 673 μυρεψικῇ
471 618 581 672 τέχνῃ
620 623 956 661 κατασκευασθεῖσα
980 621 1154 665 ’σύνθεσις
1192 620 1407 673 ὲκθυμιᾶται
1434 618 1529 673 ἔργῳ
1558 618 1599 660 δὲ

193 685 212 723 ὁ
244 687 278 725 ὓ.
309 701 340 725 σ.
371 687 650 736 δημιουργηθεὶς
689 685 824 736 κόσμος
861 684 954 729 ἅπας
983 687 1205 737 ἀναφέρηται
1240 688 1331 736 πρωὶ
1359 687 1418 724 καὶ
1447 687 1600 736 δειλινῆς

194 748 524 801 ὁλοκαυτοόμενος,
561 762 637 801 quo
677 751 717 790 in
744 751 831 791 loco
861 751 914 791 ad
943 753 1096 802 ὃειλινῆς
1129 751 1369 804 adjectivum
1397 750 1600 791 commode

194 813 290 866 ὥρας
318 816 559 865 intelligitur.
607 817 708 855 Illud
729 817 847 855 etiam
874 821 1010 855 auctor
1035 821 1167 871 noster
1195 829 1281 855 cum
1309 816 1480 865 antiquis
1508 816 1600 855 scri-

191 880 370 931 ptoribus
399 891 601 919 commune
629 880 759 930 habet,
788 883 831 918 ut
849 880 1044 920 interdum
1073 881 1272 920 abstracta
1291 892 1393 931 quae
1412 883 1600 920 vocantur

192 957 263 996 pro
293 945 485 984 concretis
515 945 712 995 subroget,
742 949 784 983 ut
812 945 862 984 de
890 946 989 996 prof.
1019 960 1058 996 p.
1079 948 1156 985 563
1186 946 1247 984 ed.
1277 946 1326 984 M.
1357 942 1600 994 λελαληκότες

195 1003 257 1045 οὖν
285 1006 329 1045 τὰ
359 1006 578 1059 ἁρμόττοντα
606 1009 685 1060 περὶ
714 1009 884 1060 φυγάδων
912 1007 977 1060 τὴν
1006 1007 1097 1047 κατὰ
1130 1007 1191 1047 τὸν
1219 1007 1342 1061 εἱρμὸν
1379 1006 1599 1047 ἀκολουθίαν

193 1077 465 1124 συνυφανοῦμεν
494 1086 595 1123 quae
614 1074 735 1112 verba
754 1075 810 1113 sic
835 1075 1026 1113 vertenda
1059 1087 1145 1114 esse
1172 1075 1372 1113 videntur:
1400 1075 1449 1112 iis
1481 1074 1598 1112 rebus

192 1149 294 1187 quae
322 1137 375 1176 ad
402 1137 590 1188 profugos
608 1138 814 1189 pertinent,
845 1138 1035 1189 expositis
1056 1151 1104 1178 ea
1123 1151 1223 1189 quae
1243 1139 1283 1177 in
1302 1141 1487 1178 contextu
1507 1138 1599 1177 scri-

191 1205 330 1252 pturae
359 1214 495 1241 sacrae
524 1207 737 1251 sequuntur
765 1203 1043 1253 adjungemus.
1085 1205 1130 1242 In
1159 1203 1297 1242 eodem
1325 1203 1423 1242 libro
1451 1216 1489 1254 p.
1520 1204 1597 1242 576

192 1278 333 1305 nomen
361 1264 496 1315 γένεσις
533 1278 597 1306 res
635 1270 790 1306 creatas
826 1267 1024 1317 significat
1058 1279 1133 1318 quo
1170 1267 1307 1307 eodem
1345 1279 1461 1307 sensu
1497 1266 1599 1307 hanc

191 1344 328 1371 vocem
356 1332 390 1371 is
419 1344 533 1382 quem
562 1336 698 1371 auctor
726 1336 859 1372 noster
887 1333 1025 1372 ducem
1064 1333 1255 1383 adhibuit,
1283 1333 1396 1372 Plato
1430 1332 1531 1371 dixit
1557 1332 1598 1371 in

190 1397 304 1435 Polit.
336 1398 412 1435 265
442 1397 485 1435 Β.
522 1395 587 1446 τὴν
623 1395 760 1446 γένεσιν
797 1393 938 1447 ἄκερων
976 1397 1065 1434 εἶναι
1102 1397 1267 1447 aliisque
1308 1397 1406 1436 locis
1448 1396 1514 1447 qui
1557 1396 1597 1438 in

191 1461 329 1501 lexicis
362 1462 584 1500 laudantur.
640 1463 779 1511 Itaque
808 1462 858 1500 de
895 1462 1028 1500 mundi
1065 1462 1158 1512 opif.
1188 1475 1225 1512 p.
1255 1464 1279 1500 4
1308 1461 1455 1500 codicis
1483 1461 1529 1499 A.
1559 1465 1598 1499 81

190 1529 365 1563 veterum
377 1525 592 1563 editionum
604 1525 797 1575 scriptura
810 1538 834 1563 a
844 1525 1125 1564 recentioribus
1143 1528 1297 1575 praeter
1312 1525 1349 1563 M
1357 1536 1381 1563 u
1393 1524 1489 1563 elle
1497 1536 1548 1563 ru
1558 1536 1597 1563 m

190 1591 339 1639 rejecta
368 1586 585 1640 ἅποβλέπων
614 1590 663 1631 εἰς
691 1587 731 1626 τὸ
761 1588 989 1639 παράδειγμα
1016 1588 1080 1638 τὴν
1110 1586 1151 1626 ἐκ
1180 1588 1291 1626 λίθων
1311 1590 1369 1626 καὶ
1398 1587 1510 1631 ξύλων
1531 1584 1596 1638 ἅρ-

190 1667 293 1703 χεται
329 1651 607 1695 κατασκευάζειν
650 1651 840 1703 εὐκρασίαν
881 1653 936 1691 ita
974 1652 1133 1692 defendi
1177 1652 1303 1703 possit
1335 1656 1378 1691 ut
1412 1653 1597 1703 interpre-

190 1721 333 1756 temur:
363 1717 603 1768 propositum
634 1717 854 1768 exemplum
882 1717 1095 1768 respiciens
1129 1716 1268 1755 molem
1299 1728 1481 1756 saxorum
1510 1728 1597 1756 curn

189 1782 307 1832 lignis
335 1781 622 1821 miscendorum
660 1786 860 1821 exstruere
898 1781 1138 1831 aggreditur.
1196 1782 1274 1821 Sed
1311 1782 1377 1831 qui
1413 1785 1504 1821 ante
1531 1795 1594 1822 vv.

189 1845 371 1896 εὐκαιρίαν
399 1850 463 1883 τοῦ
491 1844 604 1883 τόπου
636 1845 858 1895 θεασάμενος
887 1858 1028 1884 nomen
1057 1844 1246 1895 εὐκρασίαν
1275 1857 1361 1883 cum
1389 1845 1452 1882 καί
1477 1845 1596 1896 parti-

189 1911 277 1950 cula
306 1911 564 1960 inseruerunt⁷
593 1909 763 1949 viderint
791 1922 839 1949 118
868 1909 942 1949 hoc
970 1910 1056 1949 loco
1095 1910 1172 1949 ista
1210 1922 1287 1949 vox
1316 1922 1433 1949 sensu
1462 1914 1595 1950 careat

188 1976 342 2015 idoneo.
380 1976 518 2024 Neque
537 1987 630 2013 vero
650 1975 919 2013 novandorum
935 1975 1212 2013 vocabulorum
1231 1975 1427 2024 ingenium
1441 1975 1595 2013 Philoni

188 2039 324 2078 defuit.
382 2039 496 2085 Quod
526 2039 694 2078 cernitur
722 2039 762 2077 in
793 2051 838 2077 8ο
869 2043 911 2077 ut
947 2038 1054 2077 haud
1089 2050 1218 2089 pauca
1254 2039 1374 2080 verba
1412 2051 1461 2078 ex
1498 2039 1595 2078 anti-

187 2104 387 2154 quioribus
425 2104 645 2155 copulando
685 2104 851 2142 duxerit.
909 2103 954 2141 V.
985 2116 1016 2141 c.
1047 2104 1087 2141 in
1124 2103 1222 2141 libro
1261 2104 1310 2142 de
1338 2103 1473 2142 mundi
1501 2103 1594 2154 opif.

186 2182 223 2220 p.
253 2171 276 2207 2
307 2166 595 2219 ἀπεριμάχητος,
645 2168 694 2207 (18
733 2171 880 2219 septen.
909 2170 1000 2206 tom.
1022 2167 1085 2217 II.,
1113 2180 1151 2218 p.
1182 2169 1256 2207 279
1287 2167 1347 2207 ed.
1376 2168 1505 2217 Mang.
1534 2165 1596 2210 ἐξα

188 2232 384 2283 ὀιαφορέω,
415 2233 463 2271 (18
492 2234 610 2282 legat.
641 2232 693 2271 ad
722 2233 865 2281 Gajum
899 2236 991 2269 tom.
1021 2232 1085 2281 II.,
1114 2245 1151 2281 p.
1178 2233 1254 2270 560
1284 2229 1594 2282 προςοφῦαλμιάω

187 2309 235 2336 ex
266 2299 353 2347 ejus
382 2296 541 2336 officina
569 2297 746 2348 profecta
775 2308 862 2335 esse
890 2295 1082 2334 videntur.

268 2361 348 2400 Sed
377 2361 426 2399 de
455 2362 619 2410 singulis
638 2361 768 2399 verbis
797 2360 999 2399 hactenus.
1046 2361 1135 2399 Jarn
1154 2372 1246 2399 vero
1267 2361 1387 2399 totius
1400 2360 1593 2399 orationis

187 2430 421 2465 structuram
450 2425 739 2465 consideremus
760 2436 914 2475 quaque
934 2424 1085 2463 ratione
1105 2424 1215 2463 Philo
1237 2426 1322 2474 ejus
1341 2428 1475 2475 partes
1494 2424 1595 2463 inter

187 2503 229 2529 se
267 2491 529 2541 composuerit
567 2494 605 2528 ct
643 2490 889 2539 conjunxerit
924 2489 1042 2540 paulo
1090 2489 1310 2528 accuratius
1347 2499 1593 2538 quaeramus.

187 2554 274 2600 Qua
301 2555 341 2592 in
369 2567 410 2593 re
440 2555 473 2592 si
503 2555 586 2593 sine
616 2554 847 2604 exceptione
876 2553 1129 2604 probaremus
1158 2553 1372 2592 sententias
1402 2552 1593 2591 editorum

187 2623 226 2658 81
254 2619 507 2669 interpretum
536 2630 634 2667 quos
661 2621 794 2656 noster
813 2622 950 2656 auctor
968 2621 1107 2656 nactus
1136 2621 1208 2667 est,
1238 2620 1389 2655 tantum
1407 2627 1594 2668 peccasse

1715 226 1732 269 ἐ
