1732 2878
861 40 887 78 8

167 150 259 195 πνεῖ,
288 145 379 185 κατὰ
414 145 539 198 μικρὸν
576 149 790 198 ζωπυρεῖται
826 148 885 185 καὶ
919 147 1115 198 τιθηνεῖται
1148 148 1208 186 καὶ
1244 145 1450 191 συναύξεται
1484 144 1574 200 πρὸς

168 207 276 262 ὄγκον
313 209 492 254 ἐπιδιδοὺς
526 210 762 252 τελειότατον.
817 212 928 252 Haec
972 216 1033 252 est
1066 212 1325 253 recentiorum
1360 211 1574 255 editionum

169 276 364 328 scriptura
392 288 510 327 quam
538 277 572 317 si
606 277 847 329 accipiamus
883 289 1045 318 necesse
1085 278 1136 317 sit
1171 278 1332 317 verbum
1361 279 1574 329 ζωπυρεῖται

168 341 221 380 ad
248 353 386 381 vocem
414 340 551 392 καρπός
578 341 805 382 referamus.
862 342 942 391 Sed
969 340 1106 393 καρπὸς
1135 342 1378 393 ζωπυρεῖσθαι
1404 342 1573 382 absurde

169 406 323 446 dicitur.
378 406 499 445 Recte
528 410 659 445 autem
680 408 855 458 ζωπυρεῖν
884 406 934 446 de
961 407 1089 447 ventis
1116 407 1273 458 ponitur
1298 407 1366 457 qui
1384 411 1423 446 et
1441 406 1574 457 frigidi

170 474 209 509 et
236 471 406 521 tepentis
430 471 533 509 aeris
562 471 702 521 spiritu
730 474 945 509 moventur.
1002 470 1263 516 Quamobrem
1290 474 1333 509 ut
1362 472 1575 521 ζωπυρεῖται

169 534 222 573 ad
249 546 390 574 nomen
418 533 629 585 πνευμάτων
657 534 850 574 referatur
877 535 1035 585 rejectis
1063 535 1193 575 verbis
1220 538 1302 573 πνεῖ
1325 534 1416 573 κατὰ
1450 532 1574 585 μικρόν

168 610 271 648 quae
322 602 517 637 momente
566 598 918 650 Christophorsono
965 599 1150 649 Mangey,
1196 598 1376 649 Pfeiffer,
1418 598 1576 637 Richter

169 663 428 712 inseruerunt,
458 662 498 701 in
527 675 576 702 ea
602 663 772 702 lectione
800 662 1128 712 acquiescendum
1157 663 1242 712 erit,
1270 675 1386 713 quam
1410 674 1459 702 ex
1478 662 1576 701 anti-

170 727 371 776 quioribus
398 726 635 766 editionibus
654 727 690 766 J.
711 727 756 766 G.
777 727 980 766 Mueller
1007 727 1175 778 recepit:
1204 727 1263 764 καὶ
1291 725 1332 764 ἐκ
1359 730 1422 777 τῆς
1446 724 1576 777 εὐκρα-

171 790 247 833 σίας
275 794 346 829 τῶν
374 788 598 842 πνευμάτων,
619 787 642 829 ἃ
670 794 825 843 ψυχραῖς
846 788 922 842 ἅμα
940 792 999 830 καὶ
1019 789 1291 843 μαλακωτέραις
1311 788 1437 843 αὔραις
1457 793 1576 834 ζωπυ-

173 858 294 906 ρεῖται,
315 856 375 893 καὶ
392 855 588 905 τιθηνεῖται
608 856 665 893 καὶ
686 854 892 898 συναύξεται
911 858 986 896 κτλ.
1006 867 1108 906 quae
1126 856 1247 896 verba
1273 856 1414 896 Latine
1431 855 1576 896 reddas

171 920 274 959 hunc
302 920 343 959 in
370 920 549 959 modum:
579 921 766 972 temperie
795 924 998 960 ventorum
1025 921 1092 971 qui
1120 925 1159 960 et
1185 920 1319 971 frigidi
1347 924 1386 960 et
1407 920 1576 972 tepentis

174 985 277 1024 aeris
305 984 413 1023 fluxu
443 984 676 1034 efficiuntur,
706 985 854 1024 fructus
883 985 1110 1035 mitigantur
1138 989 1177 1024 et
1195 985 1247 1024 ad
1260 987 1410 1035 justam
1429 985 1578 1034 magni-

170 1049 346 1088 tudinem
387 1053 575 1088 creseunt.
648 1048 745 1095 Quis
788 1061 916 1088 rerum
953 1049 1072 1089 divin.
1114 1049 1194 1089 her.
1235 1050 1286 1089 sit
1322 1063 1360 1101 p.
1397 1050 1472 1088 511
1513 1049 1575 1089 ed.

171 1114 301 1163 Mang.
322 1113 440 1162 vulgo
459 1114 558 1152 haee
577 1113 763 1152 eduntur:
794 1111 864 1155 ἕως
893 1112 958 1163 μὲν
988 1109 1049 1150 οὖν
1078 1111 1129 1150 ἔτι
1156 1112 1369 1163 περιλάμπει
1397 1115 1455 1150 καὶ
1482 1127 1578 1164 περι-

171 1179 280 1215 πολεῖ
303 1175 410 1228 ἠμῶν
440 1175 458 1215 ὁ
488 1180 570 1220 νοῦς
600 1175 842 1229 μεσημβρινὸν
872 1177 932 1215 οἷα
968 1176 1098 1228 φέγνος
1136 1178 1186 1220 εἰς
1213 1181 1330 1215 πᾶσαν
1363 1175 1428 1227 τὴν
1456 1175 1577 1229 ψυχὴν

172 1239 339 1292 ἀναχέων
368 1239 405 1279 ὲν
434 1240 575 1284 ἑαυτοῖς
605 1238 704 1284 ὄντες
733 1240 774 1279 οὐ
804 1239 1056 1292 κατεχόμεθα·
1087 1239 1231 1280 ἐπειδὰν
1261 1240 1300 1279 δὲ
1325 1239 1414 1293 πρὸς
1441 1240 1577 1292 δυσμὰς

172 1305 318 1356 γένηται
346 1303 437 1344 κατὰ
474 1305 515 1343 τὸ
545 1304 640 1349 εἰκὸς
677 1303 839 1349 ἔκστασις
866 1304 890 1356 ἡ
920 1303 1047 1349 ἔνθεος
1083 1304 1257 1344 ἐπιπίπτει
1284 1304 1511 1357 κατοχωτική
1538 1320 1577 1345 τε

173 1372 232 1408 καὶ
261 1370 389 1420 μανία,
428 1382 504 1420 quo
534 1371 574 1409 in
602 1371 689 1410 loco
718 1371 954 1410 vocabulum
982 1369 1226 1421 κατοχωτικός
1255 1371 1461 1410 offensioni
1489 1383 1577 1410 esse

174 1434 303 1474 debet.
359 1434 476 1474 Nullo
514 1435 616 1474 enim
653 1435 819 1474 aliorum
856 1435 1087 1486 scriptorum
1124 1435 1302 1486 exemplo
1333 1435 1578 1486 comprobari

174 1502 317 1550 potest.
372 1498 511 1548 Neque
539 1511 631 1538 vero
661 1499 702 1537 id
730 1499 869 1537 mirum
898 1503 957 1538 est
986 1511 1103 1549 quum
1123 1499 1330 1538 abhorrere
1355 1499 1536 1538 videatur
1554 1512 1578 1538 a

175 1564 352 1602 Graecae
389 1563 548 1613 linguae
577 1564 745 1613 ingenio.
802 1563 960 1602 Scilicet
987 1563 1135 1602 nullum
1162 1563 1267 1613 quod
1295 1563 1416 1602 sciam
1449 1563 1578 1614 adjec-

174 1627 298 1667 tivum
326 1627 639 1666 terminationem
668 1641 830 1669 ωτικος
858 1628 898 1666 in
918 1640 961 1667 se
979 1628 1138 1679 recepit.
1176 1627 1236 1667 Ne
1255 1628 1342 1678 quis
1360 1628 1579 1680 importune

175 1705 247 1731 nos
283 1696 472 1743 provocet
505 1693 557 1731 ad
593 1705 734 1731 nomen
774 1690 961 1742 ἐρωτικός,
1009 1692 1084 1731 hoc
1118 1705 1167 1731 ex
1203 1693 1375 1741 genitivo
1412 1693 1579 1732 nominis

176 1753 269 1807 ἔρως
289 1768 368 1795 non
388 1756 535 1795 additis
563 1756 639 1795 nisi
658 1756 811 1795 duabus
838 1756 1001 1808 syllabis
1031 1770 1129 1798 ικος
1158 1755 1304 1796 factum
1324 1759 1394 1796 est.
1434 1756 1579 1797 Similis

177 1825 238 1862 est
265 1821 447 1861 formatio
485 1821 673 1872 adjectivi
709 1820 916 1871 ζηλωτικός.
972 1822 1119 1861 Natum
1148 1822 1250 1860 enim
1288 1825 1348 1860 est
1376 1834 1398 1860 e
1424 1823 1580 1861 nomine

179 1883 356 1935 ζηλωτής.
403 1886 487 1925 Nec
506 1885 747 1935 adjectivum
769 1883 916 1927 ζωτικάς
935 1885 1025 1924 huic
1043 1888 1202 1924 nostrae
1230 1885 1495 1924 observationi
1513 1885 1603 1930 ad-‚

178 1954 367 1990 versatur.
423 1949 527 1990 Nam
555 1966 585 1988 ω
613 1950 728 1989 litera
757 1950 932 2001 stirpitus
960 1950 1091 1999 insita,
1119 1964 1139 1986 τ
1167 1954 1297 1989 autem
1325 1950 1439 1989 litera
1465 1951 1581 1990 inter-

178 2016 309 2067 posita
337 2018 397 2054 est
424 2018 611 2064 tanquam
647 2014 774 2053 nodus
802 2014 1075 2063 vinculumque
1111 2013 1216 2063 quod
1253 2014 1413 2065 stirpem
1441 2019 1481 2054 et
1507 2019 1581 2054 ter-

178 2079 431 2119 minationem
460 2093 555 2121 ικος
584 2078 753 2129 colliget.
810 2078 914 2124 Quid
933 2081 1064 2117 autem
1082 2078 1205 2117 multa
1231 2079 1353 2118 verba
1377 2078 1522 2118 faciam
1540 2079 1580 2118 in

178 2157 221 2183 re
256 2143 423 2194 aperta?
468 2143 570 2182 Nam
608 2147 667 2182 est
703 2143 1025 2182 verisimillimum
1063 2142 1264 2181 Philonem
1292 2143 1348 2181 sic
1377 2143 1581 2194 scripsisse

179 2206 203 2258 ἡ
235 2204 401 2249 ἔνθεος
430 2204 666 2245 ἐπιπίπτει
694 2205 872 2258 κατοχή
898 2221 944 2244 τε
965 2207 1041 2244 καὶ
1061 2206 1221 2258 μανία,
1250 2207 1430 2247 librarios
1450 2211 1580 2248 autem

180 2274 395 2313 oscitantes
423 2272 585 2312 voculas
620 2286 660 2310 τε
694 2272 755 2310 καί
790 2273 852 2312 bis
888 2272 1091 2323 scripsisse
1126 2275 1166 2311 et
1199 2272 1255 2311 ita
1293 2273 1511 2324 corrupisse
1538 2276 1581 2312 ut

180 2337 403 2378 terminatio
432 2351 536 2387 τικη
567 2337 730 2376 oriretur
759 2341 797 2377 et
816 2349 957 2377 nomen
976 2332 1118 2387 κατοχή
1136 2337 1177 2375 in
1196 2336 1383 2387 adjectivi
1401 2341 1581 2377 naturam

180 2407 407 2443 verteretur.
463 2403 648 2441 Fortasse
666 2403 870 2451 Mangeius
889 2402 994 2440 idem
1022 2402 1187 2440 senserit
1214 2413 1331 2450 quum
1359 2402 1398 2439 in
1421 2406 1582 2440 annota—

181 2467 353 2507 tionibus
382 2466 462 2505 suis
500 2466 707 2505 lectionem
736 2464 875 2517 κατοχή
903 2478 974 2519 pro
1007 2463 1233 2517 κατοχωτική
1267 2466 1481 2518 proposuit.
1536 2466 1582 2505 In

183 2532 321 2573 eodem
357 2532 456 2571 libro
484 2546 522 2582 p.
552 2533 629 2571 493
659 2531 720 2571 ed.
751 2532 878 2581 Mang.
911 2532 1068 2570 nomine
1104 2530 1226 2581 καιρός
1254 2543 1338 2570 sors
1375 2531 1583 2570 denotatur
