1732 2878
753 77 804 123 29

83 183 311 240 scriptorem
346 186 611 229 translationis
643 202 748 231 usus.
804 190 884 230 Sed
910 189 1008 229 illud
1036 187 1141 240 quod
1168 186 1280 239 gravi
1308 184 1475 227 orationi

84 252 251 292 confine
272 264 365 292 vere
401 257 531 293 autem
565 254 857 306 philosophanti
891 253 1037 294 homini
1064 253 1221 292 minime
1249 255 1309 291 est
1337 263 1475 290 conve-

82 316 194 356 niens
230 316 419 356 tumidum
451 318 606 358 dicendi
634 331 757 369 genus
783 319 934 359 vitavit.
990 317 1248 356 Vehementer
1275 316 1394 356 etiam
1420 310 1488 355 vi-'

82 372 279 431 tuperavit
319 382 527 433 scriptores
568 384 759 432 quosdam
801 383 944 422 aetatis
986 394 1081 421 suae
1127 381 1193 431 qui
1233 381 1393 419 nimiam
1434 380 1475 418 in

20 449 26 458 '
84 443 249 485 dicendo
276 458 460 498 pompam
487 446 672 487 adhibere
700 447 890 488 solebant.
932 446 1061 486 Testis
1089 438 1285 485 estlocus
1312 445 1401 484 libri
1425 444 1474 484 de

82 510 247 561 plantat.
288 511 373 550 Noe
390 525 427 563 p.
449 513 525 551 353
545 512 686 563 dignus
705 513 771 562 qui
789 512 864 550 huc
882 511 1180 550 transcribatur:
1213 508 1342 561 σχεδὸν
1363 510 1396 547 οἱ
1414 513 1475 547 νῦν

83 570 268 625 ἄνθρωποι
281 577 354 617 τοῖς
367 573 552 627 προτέροις
565 573 635 619 ἔξω
652 574 782 627 μέρους
800 574 954 628 βραχέος
970 573 1073 612 οὐδὲν
1090 573 1328 625 ὁμοιότροπον
1343 576 1474 625 ζηλοῦν

83 635 239 681 ἆξιοῦοιν
262 637 355 676 ἀλλὰ
375 641 433 677 καὶ
448 639 485 677 ἐν
502 640 619 690 λόγοις
634 641 692 678 καὶ
711 639 748 677 ὲν
769 637 884 690 ἔργοις
903 638 943 676 τὸ
960 637 1009 689 μή
1027 636 1184 676 συνωδὸν
1199 640 1258 676 καὶ
1272 640 1475 688 διαφωνοῦν

84 700 350 744 ἐπιδείκνυνται.
404 702 496 746 Τοὺς
533 703 597 755 μὲν
634 701 701 755 γὰρ
739 702 870 754 λόγους
905 701 1123 753 ὑγιαίνοντας
1159 703 1218 740 καὶ
1247 700 1475 754 ἐρρωμένους

84 768 134 810 εἷς
169 766 286 810 πάθος
320 766 513 819 ἀνήκεστον
551 771 610 808 καὶ
645 766 787 820 φθορὰν
821 766 1037 820 περιήγαγον
1074 766 1149 805 ἀντὶ
1185 769 1387 819 σφριγώσης
1414 768 1474 805 καὶ

84 829 281 882 ἀθλητικῆς
308 830 417 875 ὅντως
445 832 579 876 εὐεξίας
608 831 713 870 οὐδὲν
742 830 793 870 ὅτι
822 831 871 883 μή
902 836 1029 870 νοσοῦν
1062 830 1388 873 κατασκευάσαντες
1416 832 1475 869 καὶ

81 894 142 934 τὸν
178 894 298 948 πλήρη
336 898 394 935 καὶ
430 895 555 936 ναστὸν
592 900 639 940 ὡς
672 894 744 949 ἔφη
777 912 826 940 τις
864 896 921 935 ὑπ’
960 895 1119 939 εὐτονίας
1156 892 1265 946 ὄγκον
1303 897 1351 939 εἷς
1379 894 1476 947 παρὰ

83 959 185 1012 φύσιν
214 963 381 999 οἰδοῦσαν
408 962 574 1012 καχεξίαν
603 959 793 1011 ἀγαγόντες
820 963 878 998 καὶ
906 964 998 1012 κενῷ
1028 959 1209 1012 φυσήματι
1238 960 1346 1011 μόνον
1376 959 1476 998 ἐπαί-

85 1038 215 1076 ροντες,
246 1022 264 1063 ὃ
295 1026 336 1063 δι’
365 1021 501 1064 ἔνδειαν
528 1029 590 1077 τῆς
625 1023 846 1076 συνεχούσης
875 1023 1059 1077 δυνάμεως
1088 1023 1172 1063 ὅταν
1201 1024 1354 1076 μάλιστα
1380 1039 1476 1077 περι-

82 1090 179 1139 ταῦῆ
209 1088 386 1140 ῥήγνυται.
442 1091 557 1129 Talia
592 1090 657 1139 qui
694 1090 827 1128 scribit
863 1102 951 1128 eum
986 1094 1029 1128 ut
1064 1090 1104 1128 in
1133 1091 1272 1129 ceteris
1299 1090 1476 1129 artificiis

83 1154 140 1194 ita
166 1154 206 1193 in
233 1153 368 1204 figuris
395 1142 626 1194 adhibendis
653 1166 730 1193 non
757 1154 917 1192 nimium
944 1153 1065 1194 fuisse
1085 1157 1260 1206 apparet.
1306 1154 1476 1194 Maxime

85 1219 233 1259 scilicet
258 1219 308 1258 iis
336 1232 429 1259 usus
457 1224 517 1258 est
545 1219 684 1269 quibus
719 1219 835 1258 rebus
863 1219 943 1257 vim
977 1219 1140 1258 adderet
1168 1223 1207 1258 et
1234 1219 1475 1258 audientium

84 1283 148 1324 vel
175 1283 385 1333 legentium
412 1284 562 1323 animos
590 1283 643 1322 ad
669 1283 823 1322 virtutis
851 1295 1021 1322 amorem
1041 1283 1242 1322 excitaret.
1284 1284 1476 1335 Exempla

86 1347 278 1398 ejusmodi
306 1347 552 1387 altificiorum
591 1360 692 1398 quae
718 1347 814 1386 nihil
841 1348 918 1387 nisi
944 1347 1140 1399 splendidi
1176 1348 1324 1398 ingenii
1351 1352 1477 1388 osten-

85 1412 272 1451 tationem
299 1411 444 1450 habent
472 1416 677 1450 occurrunt
704 1424 799 1450 sane
827 1412 933 1462 apud
951 1410 1153 1450 Philonem
1177 1411 1248 1450 sed
1267 1415 1357 1450 sunt
1374 1424 1475 1451 rara.

85 1476 173 1516 Jam
208 1487 299 1515 vero
337 1475 480 1515 eximia
518 1475 709 1526 dignitate
743 1487 959 1515 sermonem
995 1477 1081 1526 ejus
1117 1475 1294 1515 afficiunt
1322 1476 1477 1528 amplis-

85 1541 207 1579 simae
243 1544 293 1578 et.
313 1540 518 1589 diligenter
552 1540 776 1578 elaboratae
810 1540 962 1590 periodi
989 1541 1129 1588 quibus
1166 1540 1363 1589 quandam
1391 1552 1478 1579 cum

84 1603 248 1643 Platone
276 1602 565 1643 similitudinem
593 1607 795 1643 assecutus
815 1607 885 1643 est.
928 1604 1058 1643 Verba
1076 1603 1233 1654 quidem
1252 1616 1353 1654 quae
1372 1604 1478 1656 apud

85 1669 192 1707 illum
228 1669 269 1706 in
304 1679 377 1706 usu
413 1668 577 1717 fuerant,
617 1668 847 1718 saepissime
882 1669 1039 1718 sprevit.
1095 1668 1175 1707 Sed
1207 1668 1478 1706 admirandam

85 1731 193 1771 illam
211 1730 385 1771 Platonis
414 1734 537 1771 artem
565 1731 774 1784 ampliores
803 1731 1082 1772 sententiarum
1101 1732 1271 1772 ambitus
1291 1732 1478 1773 concinne

87 1796 342 1848 componendi
376 1797 562 1835 retitnuit.
624 1797 730 1836 Satis
765 1798 884 1846 igitur
921 1801 1080 1848 ornata,
1117 1798 1214 1837 satis
1251 1801 1311 1836 est
1346 1797 1478 1847 gravis

84 1861 258 1900 Philonis
294 1860 417 1899 oratio
455 1864 498 1899 ut
532 1861 679 1912 egregii
715 1860 936 1913 philosophi
972 1865 1140 1902 mentem
1176 1862 1216 1901 in
1253 1874 1302 1901 ea
1329 1862 1478 1914 spirare

85 1926 201 1966 facile
227 1925 444 1975 intellegas.
