1732 2878
780 121 787 124 ”
834 119 857 158 5

145 216 263 281 quum
307 226 464 266 dicendi
507 226 723 265 novitatem
768 225 943 264 studiose
988 227 1233 264 sectarentur
1277 224 1423 275 quippe
1467 236 1547 274 qua

145 293 314 335 maxime
340 291 530 330 lectorum
558 293 597 330 et
624 289 846 330 auditorum
873 289 1024 329 animos
1050 292 1248 341 caperent,
1277 288 1546 328 translationis

139 362 230 410 jure
257 356 378 395 multo
406 367 524 404 quam
551 355 701 406 priores
735 354 1011 393 invercundius
1042 355 1105 393 usi
1133 357 1234 393 sunt.
1290 353 1469 392 Eandem
1496 353 1547 392 ob

144 432 304 462 causam
352 418 508 470 poetica
549 419 671 458 verba
710 419 751 457 in
791 430 950 469 prosam
988 418 1205 457 orationem
1254 416 1547 456 transtulerunt.

144 473 254 533 Quae
282 496 304 524 e
341 486 545 535 poetarum
579 483 715 533 lingua
750 483 875 535 petita
908 486 998 522 sunt
1033 483 1155 522 verba
1192 494 1288 522 sane
1318 484 1406 533 jam
1441 481 1549 533 apud

144 553 297 589 veteres
323 547 518 598 pedestris
546 547 733 585 orationis
762 550 941 585 auctores
978 550 1203 593 occurrunt,
1242 546 1313 585 sed
1340 545 1448 598 apud
1475 546 1549 585 hos

143 626 233 654 rara
270 615 379 662 sunt,
418 610 524 663 apud
559 611 648 651 illos
685 611 821 650 crebra
857 614 896 650 et
922 622 1049 663 paene
1086 610 1282 650 continua.
1336 611 1427 651 Jam
1453 623 1547 651 vero

143 677 317 718 novandi
334 676 458 715 libido
478 688 524 715 eo
543 676 747 726 processit,
766 679 809 714 ut
827 675 1026 725 ingentem
1044 675 1322 714 vocabulorum
1345 687 1548 715 numerum

26 727 30 729 Δ
82 780 85 782 ,
144 741 317 795 propria*
330 740 555 780 inventione
584 739 827 790 effingerent,
856 751 935 790 qua
962 740 1003 778 in
1021 752 1063 779 re
1093 740 1233 791 spretis
1255 743 1431 779 veterum
1449 740 1547 787 Atti-

146 818 277 847 corum
306 804 463 844 dicendi
490 805 667 844 formulis
693 804 769 844 hac
795 805 1041 856 potissimum
1067 805 1219 843 ratione
1244 805 1305 844 usi
1335 808 1435 855 sunt,
1463 808 1508 843 ut
1526 817 1548 844 e

145 870 246 910 binis
273 869 476 909 vocabulis
504 880 623 907 unum
650 881 793 908 novum
821 869 1164 919 conglutinaretur.

225 934 305 974 Sed
332 934 469 973 redeat
488 934 612 973 oratio
633 933 685 973 ad
703 934 906 974 Philonem
924 934 991 984 qui
1017 933 1155 973 harum
1174 933 1432 973 mutationum
1450 945 1548 984 quas

145 999 413 1051 exposuimus,
451 998 640 1049 exemplis
678 998 859 1048 frequens
897 1002 969 1038 est.
1026 999 1084 1037 Ac
1118 998 1284 1050 primum
1312 998 1470 1048 quidem
1498 998 1548 1037 de

143 1063 459 1104 insolentioribus
487 1063 693 1103 verborum
721 1063 856 1103 formis
884 1063 1087 1103 videamus
1122 1075 1221 1113 quas
1257 1075 1548 1113 nonnumquam

144 1128 333 1167 adhibuit.

221 1191 390 1231 Pei-fecti
417 1191 603 1242 temporis
631 1190 757 1230 forma
785 1188 931 1241 ἀγήοχα
958 1204 1029 1242 pro
1050 1185 1129 1242 ἤχα
1147 1202 1242 1231 usus
1262 1194 1322 1231 est
1343 1190 1392 1230 de
1411 1191 1545 1231 ebrict.

142 1270 180 1308 p.
201 1257 289 1305 375,
319 1259 411 1294 tom.
436 1256 467 1294 I.
497 1255 680 1294 editionis
707 1255 977 1305 Mangeianae.
1006 1255 1178 1295 Lobeck.
1207 1255 1260 1294 ad
1284 1255 1548 1306 Phrynichum

142 1334 179 1372 p.
219 1321 292 1359 121
334 1319 449 1359 docet
475 1321 562 1370 Jam
598 1319 711 1358 bonis
746 1319 866 1359 Attici
902 1320 1091 1359 sermonis
1126 1319 1365 1372 temporibus
1405 1320 1548 1371 vulgus

143 1386 414 1425 illiteratorum
451 1385 507 1423 ita
543 1385 715 1424 locutum
761 1396 849 1424 esse
884 1388 924 1423 et
959 1385 1050 1424 inde
1094 1385 1231 1424 vitium
1267 1396 1450 1424 manasse
1494 1385 1547 1425 ad

142 1450 379 1505 posteriores
408 1449 629 1500 scriptores.
675 1448 800 1488 Flexa
819 1452 950 1488 autem
974 1453 1035 1488 est
1053 1448 1151 1488 haec
1178 1449 1305 1488 forma
1333 1449 1548 1489 secundum

143 1515 277 1554 Matth.
298 1527 355 1565 gr.
377 1514 443 1554 Gr.
465 1516 488 1563 ξ
513 1515 588 1553 186
609 1526 658 1565 ex
685 1513 869 1553 insolenti
888 1513 1008 1552 futuri
1028 1512 1154 1553 forma
1183 1512 1315 1564 ἀγέσω.
1362 1515 1409 1553 In
1425 1515 1546 1554 verbo

144 1577 325 1629 ἀνοίγνυμι
352 1579 463 1617 Philo
492 1579 668 1628 legitima
703 1578 889 1629 temporis
926 1579 1064 1617 aoristi
1091 1578 1217 1617 forma
1246 1576 1387 1630 ἀνέῳξα
1415 1584 1548 1631 spreta

143 1647 393 1694 augmentum
425 1647 517 1683 ante
552 1643 883 1695 praepositionem
911 1640 980 1680 ἀνά
1007 1643 1198 1683 adhibuit.
1253 1644 1416 1694 Legitur
1444 1645 1547 1684 enim

142 1709 181 1746 in
209 1709 308 1747 libro
338 1708 453 1754 Quod
489 1708 585 1747 deus
621 1708 671 1747 sit
706 1708 962 1747 immutabilis
997 1721 1035 1758 p.
1074 1709 1151 1746 296
1189 1708 1250 1748 ed.
1288 1709 1548 1759 Mangeianae

142 1768 290 1821 ἤνοιξεν.
339 1772 519 1812 Ceterum
546 1771 767 1823 Xenophon
794 1772 972 1823 exemplo
1003 1772 1173 1823 praeivit
1191 1773 1233 1811 in
1251 1773 1352 1812 Hell.
1371 1774 1403 1812 Ι.
1424 1774 1461 1823 5,
1484 1776 1546 1824 13,

142 1849 256 1886 quem
283 1837 411 1876 locum
438 1836 674 1876 Matthiaeus
710 1836 750 1874 in
778 1848 834 1885 gr.
866 1835 931 1875 Gr.
962 1838 986 1885 ξ
1017 1837 1095 1875 224
1122 1836 1312 1876 laudavit.
1369 1837 1479 1877 Idem
1506 1838 1547 1877 in

141 1901 305 1940 aliorum
347 1901 702 1953 praepositionibus
746 1900 1041 1950 subjunctorum
1079 1901 1286 1940 verborum
1321 1902 1545 1953 praeteritis

141 1978 428 2016 nonnumquam
455 1966 519 2005 vel
547 1965 652 2015 aqud
688 1965 869 2014 antiquos
907 1965 1118 2016 scriptores
1154 1965 1302 2004 factum
1330 1970 1402 2005 est.
1459 1966 1545 2013 Quo

141 2030 182 2068 in
209 2043 351 2081 genere
379 2043 479 2082 quae
508 2034 598 2070 sunt
624 2030 836 2082 praecipua
873 2030 1056 2082 exempla
1084 2031 1282 2081 congessit
1309 2031 1546 2072 Matthiaeus

140 2095 180 2133 in
207 2108 263 2144 gr.
293 2096 358 2135 Grr.
388 2098 412 2144 ξ
444 2097 530 2135 170.
586 2095 756 2134 Verbum
784 2093 912 2144 δαμάω
941 2094 991 2133 de
1019 2095 1154 2133 mundi
1191 2096 1285 2146 opif.
1319 2109 1358 2146 p.
1387 2098 1435 2136 27
1467 2097 1546 2135 edi-

141 2158 257 2199 tionis
284 2160 544 2210 Mangeianae
581 2159 677 2198 facit
711 2158 960 2210 participium
998 2158 1135 2198 aoristi
1171 2159 1322 2210 passivi
1360 2159 1545 2211 δαμασθέν

140 2236 216 2262 non
244 2228 287 2263 ut
313 2225 414 2264 ratio
433 2225 607 2274 vulgaris
625 2224 851 2274 postulabat
879 2223 1029 2272 δμηθέν.
1077 2224 1124 2262 In
1150 2224 1290 2263 eodem
1307 2225 1406 2263 libro
1434 2239 1472 2276 p.
1496 2227 1543 2264 15

140 2299 231 2326 num
260 2286 444 2339 ἑνστηρίξῃ
474 2301 525 2327 an
554 2286 739 2339 ὲνστηρίσῃ
776 2286 1022 2326 scribendum
1060 2287 1111 2327 sit
1149 2288 1247 2327 satis
1286 2288 1447 2328 dubium
1483 2292 1543 2329 est

140 2363 257 2401 quum
283 2353 384 2393 hanc
412 2353 532 2393 futuri
559 2354 724 2392 formam
752 2352 944 2392 editiones
972 2356 1126 2392 veteres
1154 2357 1349 2404 tueantur,
1382 2354 1452 2393 illa
1480 2367 1542 2393 co-

140 2415 237 2457 dicis
264 2418 431 2458 Medicei
459 2418 691 2457 auctoritate
711 2416 1012 2468 commendetur,
1041 2418 1109 2457 ubi
1129 2418 1316 2470 scriptum
1336 2422 1396 2458 est
1415 2417 1543 2469 ἐνστή-

141 2482 240 2529 ριξεν.
297 2483 385 2522 Alio
415 2487 546 2522 autem
572 2483 672 2533 loco,
701 2482 768 2532 qui
796 2486 856 2521 est
884 2482 934 2521 de
968 2483 1147 2534 profugis
1183 2497 1221 2534 p.
1252 2485 1329 2522 553
1359 2483 1543 2524 editionis

139 2544 408 2597 Mangeianae,
429 2547 595 2598 simplex
613 2547 774 2586 verbum
794 2546 947 2597 στηρίζω
966 2547 1217 2598 participium
1236 2548 1373 2586 aoristi
1390 2549 1543 2599 passivi

141 2607 235 2648 facit
263 2611 346 2650 sine
373 2611 454 2650 ulla
491 2610 668 2650 codicum
705 2610 897 2650 varietate
934 2610 1150 2662 στηριχθείς.
1206 2612 1252 2650 In
1279 2611 1418 2651 eodem
1444 2612 1544 2651 libro
