1732 2878
842 106 892 145 10

165 213 219 252 ad
245 212 526 266 perfectionem
553 213 751 264 quandam
779 214 1026 266 pervenerint
1053 214 1094 253 in
1122 217 1318 254 certamen
1346 226 1434 254 cum
1452 217 1577 265 coetu·
1600 224 1603 228 ’

164 278 427 330 sophistarum
455 278 694 319 descendere
727 282 925 330 vetentur,
962 291 1011 318 ne
1039 279 1080 318 in
1107 279 1310 331 captiones
1337 279 1566 320 dialecticas

164 343 382 382 incidentes
401 356 426 382 a
444 343 611 383 veritate
630 344 898 384 deflectantur.
937 343 1061 390 Quem
1081 343 1132 383 ad
1147 355 1303 383 sensum
1318 343 1566 384 efficiendum
1589 399 1592 402 y

163 408 285 447 verba
312 408 393 459 περὶ
420 411 491 445 τῶν
519 406 610 446 κατὰ
639 407 759 460 ψυχὴν
789 406 987 459 δυνάμεων,
1019 410 1051 446 δί
1071 404 1121 446 ὧν
1142 406 1368 460 συμβέβηκεν
1388 407 1503 459 ἀρχάς
1526 423 1565 446 τε

164 470 359 523 λαμβάνείν
395 473 454 510 καὶ
489 470 693 524 προτροπὰς
731 474 789 511 καὶ
829 471 1055 523 τελειότητας
1091 471 1130 510 ἐν
1165 471 1330 524 πράξεσιν
1368 470 1566 515 ὲπαινεταῖς

163 548 302 587 parum
331 537 475 576 valent.
530 537 788 577 Desideratur
815 537 918 576 enim
952 550 1029 577 vox
1058 550 1158 587 quae
1192 537 1422 589 proficiendi
1450 537 1566 587 signi-

163 600 387 641 ficationem
415 601 573 641 habeat.
628 602 689 641 Ea
716 602 813 654 ipsa¹
833 606 963 641 autem
990 605 1306 654 repraesentatur
1327 602 1444 654 paulo
1463 602 1567 641 infra

166 667 202 703 αἱ
239 664 279 704 δὲ
309 667 486 716 προκοπαὶ
514 668 594 717 περὶ
622 665 795 717 γεωργόν.
851 667 951 706 Η1116
988 668 1085 707 86118
1127 667 1359 717 abundeque
1403 670 1568 718 apparet

164 728 365 781 προτροπάς
394 743 470 781 (1116
491 731 541 770 (16
560 731 751 770 vocabulo
781 731 991 782 quaeritur,
1019 732 1060 770 111
1079 730 1318 782 reponenti<
1338 731 1565 771 mutandum

165 808 252 835 esse
281 796 386 846 quod
415 796 533 835 etiam
552 797 733 846 Mangeio
753 797 949 848 placuisse
968 797 1096 836 video.
1144 797 1230 835 Vox
1257 794 1446 847 ὑπὸσχεσις
1465 809 1566 846 (11166

164 860 265 899 alias
299 861 595 911 promissionem
633 861 883 911 significabat
918 874 942 900 a
978 861 1141 900 Philone
1169 861 1218 900 de
1254 873 1497 911 quacumque
1523 872 1566 900 re

164 929 374 977 usurpatur
411 925 460 965 de
493 938 571 976 qua
607 926 702 975 quid
738 926 986 966 statuendum
1021 926 1193 977 videtur,
1232 938 1307 976 quo
1345 937 1461 965 sensu
1494 938 1566 965 nos

164 990 349 1029 dicimus:
378 991 571 1040 Aussage,
600 991 871 1042 Behauptung.
919 991 1019 1030 Hinc
1039 991 1186 1030 sactum
1205 995 1265 1031 681
1283 996 1326 1030 111
1348 991 1397 1030 (16
1417 994 1564 1042 septen.

163 1068 201 1106 p.
217 1056 294 1094 293
308 1054 368 1094 ed.
383 1055 512 1105 Mang.
526 1055 592 1094 ubi
606 1056 775 1106 optimus
788 1055 914 1095 codex
925 1056 1211 1095 Laurentianus
1223 1059 1322 1095 teste
1342 1055 1420 1094 'Pis
1431 1067 1451 1094 6
1460 1054 1486 1094 11
1495 1067 1517 1094 6
1526 1067 1566 1093 11-

164 1119 282 1157 dors
286 1119 332 1157 io
351 1123 622 1170 repraesentat
638 1118 687 1160 ὡς
707 1117 866 1170 ἀψευδὴς
885 1118 908 1168 ἡ
932 1118 1122 1170 ὑπόσχεσις
1142 1118 1371 1157 ἐπισκεπτέον
1385 1119 1566 1158 librarius

163 1183 229 1222 ille
266 1183 332 1233 qui
365 1183 587 1223 Hoeschelii
636 1183 810 1223 codicem
856 1184 1024 1224 confecit
1067 1185 1287 1236 importuno
1333 1183 1567 1224 emendandi

164 1247 295 1286 studio
323 1251 452 1286 motus
481 1248 667 1286 scriberet
695 1247 718 1297 ἡ
750 1246 930 1290 ὑπόθεσις.
979 1248 1130 1288 Nomen
1149 1247 1312 1299 χρησμός
1331 1249 1381 1286 ab
1401 1248 1566 1287 ethnicis

165 1311 214 1350 de
244 1311 413 1351 oraculis
442 1311 589 1351 dictum
617 1311 728 1351 Philo
758 1312 975 1364 adoptavit,
1003 1316 1047 1351 ut
1075 1312 1127 1351 ad
1155 1324 1306 1351 sacram
1335 1312 1566 1363 scripturam

163 1376 404 1426 transferret,
433 1388 510 1425 quo
540 1388 657 1415 sensu
685 1378 771 1426 ejus
791 1377 1022 1427 interpretes
1041 1376 1297 1416 Alexandrini
1317 1375 1436 1425 λόγιον
1458 1388 1566 1416 118111·-

163 1444 367 1492 paverunt,
396 1440 487 1480 vide
507 1440 568 1479 his
597 1440 646 1480 de
665 1440 827 1480 vocibus
855 1440 1090 1480 Muelleri
1118 1440 1391 1481 adnotationes
1419 1440 1471 1480 ad
1497 1440 1565 1480 lib.

164 1505 213 1544 de
248 1506 382 1544 mundi
418 1506 511 1557 opif.
545 1520 583 1557 p.
624 1507 712 1545 127.
769 1507 948 1546 Ceterum
991 1506 1225 1545 monendum
1261 1510 1321 1545 est
1357 1507 1397 1545 in
1434 1506 1566 1545 multis

163 1571 293 1610 verbis
330 1584 354 1609 a
391 1570 560 1610 librariis
596 1575 801 1622 peccatum
836 1583 934 1610 esse.
990 1571 1091 1610 Hinc
1128 1571 1190 1621 fit,
1223 1576 1265 1610 ut
1293 1584 1341 1610 ea
1367 1571 1455 1623 ipsa
1482 1583 1566 1623 per-

163 1648 297 1686 peram
327 1636 434 1674 dicta
462 1647 549 1674 esse
577 1636 834 1674 inveniantur.
890 1636 979 1674 Jam
1015 1648 1107 1674 vero
1140 1635 1412 1686 progrediatur
1440 1635 1565 1674 oratio

163 1700 216 1739 ad
244 1701 366 1739 verba
394 1700 462 1739 illa
491 1701 622 1739 activa
658 1713 758 1750 quae
786 1714 856 1752 pro
892 1700 1032 1739 mediis
1069 1700 1246 1739 adhibita
1284 1704 1383 1739 sunt.
1439 1701 1567 1751 HuJus

163 1777 257 1804 usus
287 1765 399 1813 quasi
429 1765 579 1804 semina
607 1765 657 1803 ab
686 1766 857 1814 antiquis
894 1765 1145 1815 scriptoribus
1174 1776 1313 1815 sparsa
1348 1768 1448 1803 sunt.
1504 1766 1567 1804 Ita

162 1830 276 1868 Plato
297 1829 463 1881 sumpsit
482 1829 522 1868 in
541 1829 703 1868 Timaeo
723 1843 760 1881 p.
782 1831 832 1869 60
850 1830 893 1868 B.
916 1827 1152 1881 μεταβάλλειν
1171 1842 1241 1881 pro
1263 1827 1563 1882 μεταβάλλεσθαι.

162 1895 362 1934 Licentius
389 1895 464 1933 hac
493 1895 533 1933 in
560 1907 604 1933 re
632 1892 1134 1945 posteriorum'temporum
1161 1894 1369 1945 scriptores
1388 1898 1565 1933 versatos

164 1971 251 1999 6886
286 1960 473 2011 probatur
502 1959 690 2010 exemplis
724 1971 825 2009 quae
858 1960 1025 2009 Vigerus
1058 1972 1096 2010 p.
1129 1960 1201 1998 179
1232 1972 1315 2009 sqq.
1345 1959 1406 1998 ed.
1435 1960 1565 1998 Herm.

164 2029 202 2063 61
230 2025 269 2062 111
298 2024 703 2063 animadversionibus
739 2024 1040 2074 Hoogevecnius
1074 2027 1113 2062 61
1146 2024 1314 2063 Ζ611111118
1342 2023 1565 2063 attulerunt.

162 2089 245 2128 Nec
273 2102 351 2127 non
369 2090 481 2128 Philo
510 2089 585 2128 hac
603 2090 809 2128 verborum
839 2089 1031 2138 enallage,
1061 2100 1177 2138 quam
1197 2093 1352 2138 vocant,
1381 2101 1474 2127 usus
1494 2093 1566 2128 est.

163 2153 322 2192 Scilicet
357 2166 434 2192 non
472 2153 595 2193 solum
633 2154 795 2193 verbum
833 2151 1069 2205 μεταβάλλειν
1105 2165 1238 2192 verum
1275 2153 1393 2192 etiam
1429 2150 1567 2203 τρέπειν

162 2218 330 2258 neutrali
351 2218 636 2268 significatione
657 2218 847 2268 adhibuit,
876 2222 919 2257 ut
948 2218 996 2257 de
1023 2218 1143 2268 legat.
1171 2218 1222 2257 ad
1242 2218 1383 2257 Graium
1403 2221 1494 2256 tom.
1515 2218 1566 2268 Π,

161 2297 199 2334 p.
230 2285 308 2322 562
339 2282 399 2321 ed.
429 2284 559 2332 Mang.
588 2281 694 2333 ἡμεῖς
723 2281 763 2320 δὲ
794 2280 835 2320 οὐ
866 2280 974 2332 μόνον
1004 2281 1041 2319 ὲν
1062 2281 1203 2324 δούλοις
1223 2280 1319 2320 ἀλλὰ
1346 2283 1404 2320 καὶ
1428 2279 1567 2319 δούλων

161 2350 234 2390 τοῖς
263 2345 487 2398 ἀτιμοτάτοις
518 2345 755 2398 ὲγραφόμεῦα
781 2350 844 2385 τοῦ
875 2344 1047 2398 ἄρχοντος
1081 2347 1269 2398 τρέποντας
1307 2348 1356 2389 εἰς
1392 2344 1567 2396 δεσπότην

164 2425 279 2462 (11111111
310 2413 497 2463 principis
525 2424 652 2450 mores
681 2413 737 2450 ita
765 2415 1007 2450 mutarentur
1026 2416 1067 2449 ut
1086 2412 1197 2450 ficret
1216 2416 1416 2461 tyrannus.
1465 2410 1567 2450 Thu-

164 2477 345 2528 cydidem
374 2480 531 2516 secutus
560 2476 627 2526 qui
655 2477 695 2514 in
722 2477 789 2515 lib.
818 2477 869 2526 II,
899 2489 931 2515 c.
962 2478 1011 2515 49
1042 2476 1090 2515 de
1127 2476 1353 2527 pestilentia
1381 2475 1482 2515 dixit
1509 2475 1568 2513 καὶ

163 2542 272 2583 ὁπότε
303 2539 338 2584 ἐς
365 2540 430 2591 τὴν
461 2541 606 2592 καρδίαν
636 2540 793 2592 στηρίξαι
813 2539 1009 2592 ἀνέστρεφε-Ξ
1027 2555 1066 2578 τε
1088 2539 1197 2592 αὐτὴν
1217 2541 1275 2578 καὶ
1303 2538 1568 2590 ἀποκαθάρσεις

162 2608 278 2654 χολῆς
306 2610 418 2644 πᾶσαι
447 2605 527 2644 ὅσαι
556 2605 623 2644 ὑπὸ
655 2607 784 2657 ἰατρῶν
823 2604 1075 2657 ὠνομασμέναι
1109 2607 1193 2644 εἰσὶν
1222 2604 1381 2656 ἐπῄεσαν
1408 2605 1568 2644 verbum
