<?xml version="1.0" encoding="UTF-8"?>
<!DOCTYPE html PUBLIC "-//W3C//DTD XHTML 1.0 Transitional//EN"
    "http://www.w3.org/TR/xhtml1/DTD/xhtml1-transitional.dtd">
<html xmlns="http://www.w3.org/1999/xhtml" xml:lang="en" lang="en">
 <head>
  <title>
</title>
<meta http-equiv="Content-Type" content="text/html;charset=utf-8" />
  <meta name='ocr-system' content='tesseract 3.04.00' />
  <meta name='ocr-capabilities' content='ocr_page ocr_carea ocr_par ocr_line ocrx_word'/>
</head>
<body>
  <div class='ocr_page' id='page_1' title='image "4737328_0019.png"; bbox 0 0 1732 2878; ppageno 0'>
   <div class='ocr_carea' id='block_1_1' title="bbox 49 0 240 62">
    <p class='ocr_par' dir='ltr' id='par_1_1' title="bbox 49 0 240 62">
     <span class='ocr_line' id='line_1_1' title="bbox 55 0 240 30; baseline 0.016 -3"><span class='ocrx_word' id='word_1_1' title='bbox 55 0 92 27; x_wconf 54' lang='grc' dir='ltr'>’Ὦ</span> <span class='ocrx_word' id='word_1_2' title='bbox 114 0 204 30; x_wconf 38' lang='lat' dir='ltr'>*kf*</span> <span class='ocrx_word' id='word_1_3' title='bbox 236 19 240 22; x_wconf 91' lang='lat'><em>-</em></span> 
     </span>
     <span class='ocr_line' id='line_1_2' title="bbox 49 28 130 62; baseline -0.025 -6"><span class='ocrx_word' id='word_1_4' title='bbox 49 36 83 62; x_wconf 57' lang='lat' dir='ltr'>jc,</span> <span class='ocrx_word' id='word_1_5' title='bbox 109 28 130 54; x_wconf 71' lang='lat'>³3</span> 
     </span>
    </p>
   </div>
   <div class='ocr_carea' id='block_1_2' title="bbox 655 131 907 136">
    <p class='ocr_par' dir='ltr' id='par_1_2' title="bbox 655 131 907 136">
     <span class='ocr_line' id='line_1_3' title="bbox 655 131 907 136; baseline 0 0"><span class='ocrx_word' id='word_1_6' title='bbox 655 131 907 136; x_wconf 95' lang='lat' dir='ltr'> </span> 
     </span>
    </p>
   </div>
   <div class='ocr_carea' id='block_1_3' title="bbox 757 76 804 115">
    <p class='ocr_par' dir='ltr' id='par_1_3' title="bbox 757 76 804 115">
     <span class='ocr_line' id='line_1_4' title="bbox 757 76 804 115; baseline 0 0"><span class='ocrx_word' id='word_1_7' title='bbox 757 76 804 115; x_wconf 94' lang='lat'>11</span> 
     </span>
    </p>
   </div>
   <div class='ocr_carea' id='block_1_4' title="bbox 14 153 1484 366">
    <p class='ocr_par' dir='ltr' id='par_1_4' title="bbox 14 153 1484 366">
     <span class='ocr_line' id='line_1_5' title="bbox 86 153 1484 237; baseline -0.002 -15.141"><span class='ocrx_word' id='word_1_8' title='bbox 86 153 300 237; x_wconf 69' lang='grc' dir='ltr'>ὲνσεηρίζειν</span> <span class='ocrx_word' id='word_1_9' title='bbox 327 182 379 222; x_wconf 87' lang='lat' dir='ltr'>de</span> <span class='ocrx_word' id='word_1_10' title='bbox 406 181 541 221; x_wconf 88' lang='lat' dir='ltr'>mundi</span> <span class='ocrx_word' id='word_1_11' title='bbox 568 182 662 234; x_wconf 86' lang='lat' dir='ltr'>opif.</span> <span class='ocrx_word' id='word_1_12' title='bbox 690 195 729 234; x_wconf 89' lang='lat' dir='ltr'>p.</span> <span class='ocrx_word' id='word_1_13' title='bbox 751 183 800 222; x_wconf 88' lang='lat'>15</span> <span class='ocrx_word' id='word_1_14' title='bbox 820 182 873 223; x_wconf 86' lang='lat' dir='ltr'>ad</span> <span class='ocrx_word' id='word_1_15' title='bbox 891 181 1106 223; x_wconf 90' lang='lat' dir='ltr'>mediorum</span> <span class='ocrx_word' id='word_1_16' title='bbox 1134 181 1340 221; x_wconf 91' lang='lat' dir='ltr'>verborum</span> <span class='ocrx_word' id='word_1_17' title='bbox 1366 180 1484 231; x_wconf 86' lang='lat' dir='ltr'>signi-</span> 
     </span>
     <span class='ocr_line' id='line_1_6' title="bbox 22 245 1483 301; baseline -0.007 -7"><span class='ocrx_word' id='word_1_18' title='bbox 22 264 30 301; x_wconf 72' lang='lat'>}</span> <span class='ocrx_word' id='word_1_19' title='bbox 85 249 307 298; x_wconf 79' lang='lat' dir='ltr'>ficationem</span> <span class='ocrx_word' id='word_1_20' title='bbox 342 247 539 297; x_wconf 83' lang='lat' dir='ltr'><strong>traduxit,</strong></span> <span class='ocrx_word' id='word_1_21' title='bbox 576 247 715 287; x_wconf 84' lang='lat' dir='ltr'>eadem</span> <span class='ocrx_word' id='word_1_22' title='bbox 749 248 901 287; x_wconf 85' lang='lat' dir='ltr'>ratione</span> <span class='ocrx_word' id='word_1_23' title='bbox 937 247 986 287; x_wconf 90' lang='lat' dir='ltr'>de</span> <span class='ocrx_word' id='word_1_24' title='bbox 1022 247 1201 298; x_wconf 84' lang='lat' dir='ltr'>agricult.</span> <span class='ocrx_word' id='word_1_25' title='bbox 1234 259 1272 298; x_wconf 86' lang='lat' dir='ltr'>p.</span> <span class='ocrx_word' id='word_1_26' title='bbox 1309 247 1387 285; x_wconf 85' lang='lat'>302</span> <span class='ocrx_word' id='word_1_27' title='bbox 1421 245 1483 285; x_wconf 88' lang='lat' dir='ltr'>ed.</span> 
     </span>
     <span class='ocr_line' id='line_1_7' title="bbox 14 309 1483 366; baseline -0.003 -12"><span class='ocrx_word' id='word_1_28' title='bbox 14 338 20 362; x_wconf 59' lang='lat'>3</span> <span class='ocrx_word' id='word_1_29' title='bbox 46 320 48 323; x_wconf 80' lang='grc'>’</span> <span class='ocrx_word' id='word_1_30' title='bbox 85 314 214 366; x_wconf 75' lang='lat' dir='ltr'>Mang.</span> <span class='ocrx_word' id='word_1_31' title='bbox 253 309 421 364; x_wconf 76' lang='grc' dir='ltr'>μηκύνειν</span> <span class='ocrx_word' id='word_1_32' title='bbox 456 324 526 363; x_wconf 90' lang='lat' dir='ltr'>pro</span> <span class='ocrx_word' id='word_1_33' title='bbox 565 310 806 363; x_wconf 77' lang='grc' dir='ltr'>μηκύνεσθαι,</span> <span class='ocrx_word' id='word_1_34' title='bbox 843 312 893 351; x_wconf 88' lang='lat' dir='ltr'>de</span> <span class='ocrx_word' id='word_1_35' title='bbox 925 312 1044 362; x_wconf 81' lang='lat' dir='ltr'>legat.</span> <span class='ocrx_word' id='word_1_36' title='bbox 1074 311 1127 351; x_wconf 86' lang='lat' dir='ltr'>ad</span> <span class='ocrx_word' id='word_1_37' title='bbox 1154 311 1296 351; x_wconf 81' lang='lat' dir='ltr'>Graium</span> <span class='ocrx_word' id='word_1_38' title='bbox 1323 315 1404 350; x_wconf 86' lang='lat' dir='ltr'>tom</span> <span class='ocrx_word' id='word_1_39' title='bbox 1431 311 1483 361; x_wconf 87' lang='lat' dir='ltr'>H,</span> 
     </span>
    </p>
   </div>
   <div class='ocr_carea' id='block_1_5' title="bbox 12 374 1482 435">
    <p class='ocr_par' dir='ltr' id='par_1_5' title="bbox 12 374 1482 435">
     <span class='ocr_line' id='line_1_8' title="bbox 12 374 1482 435; baseline -0.005 -14"><span class='ocrx_word' id='word_1_40' title='bbox 12 386 20 422; x_wconf 71' lang='grc' dir='ltr'>ζ</span> <span class='ocrx_word' id='word_1_41' title='bbox 85 395 123 435; x_wconf 85' lang='lat' dir='ltr'>p.</span> <span class='ocrx_word' id='word_1_42' title='bbox 152 379 230 420; x_wconf 85' lang='lat'>556</span> <span class='ocrx_word' id='word_1_43' title='bbox 259 376 320 416; x_wconf 79' lang='lat' dir='ltr'>ed.</span> <span class='ocrx_word' id='word_1_44' title='bbox 348 377 479 426; x_wconf 84' lang='lat' dir='ltr'>Mang.</span> <span class='ocrx_word' id='word_1_45' title='bbox 510 374 736 414; x_wconf 82' lang='grc' dir='ltr'>ὑποστέλλειν</span> <span class='ocrx_word' id='word_1_46' title='bbox 763 390 834 428; x_wconf 90' lang='lat' dir='ltr'>pro</span> <span class='ocrx_word' id='word_1_47' title='bbox 864 374 1147 414; x_wconf 80' lang='grc' dir='ltr'>ὑποστέλλεσθαι</span> <span class='ocrx_word' id='word_1_48' title='bbox 1173 376 1346 428; x_wconf 83' lang='lat' dir='ltr'>protulit.</span> <span class='ocrx_word' id='word_1_49' title='bbox 1392 375 1482 414; x_wconf 86' lang='lat' dir='ltr'>Fre-</span> 
     </span>
    </p>
   </div>
   <div class='ocr_carea' id='block_1_6' title="bbox 16 440 1488 1976">
    <p class='ocr_par' dir='ltr' id='par_1_6' title="bbox 16 440 1484 754">
     <span class='ocr_line' id='line_1_9' title="bbox 20 440 1482 496; baseline -0.002 -13"><span class='ocrx_word' id='word_1_50' title='bbox 20 459 24 462; x_wconf 91' lang='lat'>·</span> <span class='ocrx_word' id='word_1_51' title='bbox 86 442 267 496; x_wconf 86' lang='lat' dir='ltr'>quentius</span> <span class='ocrx_word' id='word_1_52' title='bbox 286 444 417 480; x_wconf 90' lang='lat' dir='ltr'>autem</span> <span class='ocrx_word' id='word_1_53' title='bbox 436 440 586 480; x_wconf 89' lang='lat' dir='ltr'>medias</span> <span class='ocrx_word' id='word_1_54' title='bbox 605 441 810 480; x_wconf 90' lang='lat' dir='ltr'>verborum</span> <span class='ocrx_word' id='word_1_55' title='bbox 828 441 974 480; x_wconf 86' lang='lat' dir='ltr'>formas</span> <span class='ocrx_word' id='word_1_56' title='bbox 989 441 1118 480; x_wconf 90' lang='lat' dir='ltr'>activo</span> <span class='ocrx_word' id='word_1_57' title='bbox 1136 452 1253 480; x_wconf 89' lang='lat' dir='ltr'>sensu</span> <span class='ocrx_word' id='word_1_58' title='bbox 1267 441 1482 492; x_wconf 87' lang='lat' dir='ltr'>usurpavit.</span> 
     </span>
     <span class='ocr_line' id='line_1_10' title="bbox 86 505 1484 555; baseline -0.002 -8"><span class='ocrx_word' id='word_1_59' title='bbox 86 509 138 549; x_wconf 90' lang='lat' dir='ltr'>Ut</span> <span class='ocrx_word' id='word_1_60' title='bbox 166 511 319 546; x_wconf 86' lang='lat' dir='ltr'>taceam</span> <span class='ocrx_word' id='word_1_61' title='bbox 356 505 406 544; x_wconf 89' lang='lat' dir='ltr'>de</span> <span class='ocrx_word' id='word_1_62' title='bbox 433 505 483 544; x_wconf 93' lang='lat' dir='ltr'>iis</span> <span class='ocrx_word' id='word_1_63' title='bbox 519 505 658 554; x_wconf 92' lang='lat' dir='ltr'>quibus</span> <span class='ocrx_word' id='word_1_64' title='bbox 695 505 812 544; x_wconf 86' lang='lat' dir='ltr'>istam</span> <span class='ocrx_word' id='word_1_65' title='bbox 839 505 1036 544; x_wconf 91' lang='lat' dir='ltr'>notionem</span> <span class='ocrx_word' id='word_1_66' title='bbox 1066 508 1151 555; x_wconf 77' lang='lat' dir='ltr'>Jam</span> <span class='ocrx_word' id='word_1_67' title='bbox 1179 509 1333 544; x_wconf 89' lang='lat' dir='ltr'>veteres</span> <span class='ocrx_word' id='word_1_68' title='bbox 1362 505 1484 544; x_wconf 88' lang='lat' dir='ltr'>Attici</span> 
     </span>
     <span class='ocr_line' id='line_1_11' title="bbox 16 567 1483 627; baseline -0.003 -15"><span class='ocrx_word' id='word_1_69' title='bbox 16 578 21 627; x_wconf 50' lang='grc' dir='ltr'>ᾗ</span> <span class='ocrx_word' id='word_1_70' title='bbox 87 573 346 623; x_wconf 86' lang='lat' dir='ltr'>subjecerunt,</span> <span class='ocrx_word' id='word_1_71' title='bbox 375 568 487 608; x_wconf 91' lang='lat' dir='ltr'>Philo</span> <span class='ocrx_word' id='word_1_72' title='bbox 515 568 623 608; x_wconf 90' lang='lat' dir='ltr'>haud</span> <span class='ocrx_word' id='word_1_73' title='bbox 649 569 787 621; x_wconf 85' lang='lat' dir='ltr'>paucis</span> <span class='ocrx_word' id='word_1_74' title='bbox 804 569 903 609; x_wconf 88' lang='lat' dir='ltr'>locis</span> <span class='ocrx_word' id='word_1_75' title='bbox 921 569 1081 609; x_wconf 89' lang='lat' dir='ltr'>verbum</span> <span class='ocrx_word' id='word_1_76' title='bbox 1102 567 1306 620; x_wconf 74' lang='grc' dir='ltr'>ἁρμόζομαι</span> <span class='ocrx_word' id='word_1_77' title='bbox 1325 573 1364 609; x_wconf 90' lang='lat' dir='ltr'>et</span> <span class='ocrx_word' id='word_1_78' title='bbox 1383 582 1483 608; x_wconf 92' lang='lat' dir='ltr'>com-</span> 
     </span>
     <span class='ocr_line' id='line_1_12' title="bbox 85 632 1484 690; baseline -0.004 -14"><span class='ocrx_word' id='word_1_79' title='bbox 85 636 255 690; x_wconf 84' lang='lat' dir='ltr'>positum</span> <span class='ocrx_word' id='word_1_80' title='bbox 291 632 586 685; x_wconf 78' lang='grc' dir='ltr'>μεθαρμόζομαι,</span> <span class='ocrx_word' id='word_1_81' title='bbox 624 633 673 673; x_wconf 87' lang='lat' dir='ltr'>de</span> <span class='ocrx_word' id='word_1_82' title='bbox 710 634 887 683; x_wconf 88' lang='lat' dir='ltr'>agricult.</span> <span class='ocrx_word' id='word_1_83' title='bbox 921 647 959 685; x_wconf 91' lang='lat' dir='ltr'>p.</span> <span class='ocrx_word' id='word_1_84' title='bbox 997 635 1074 672; x_wconf 85' lang='lat'>324</span> <span class='ocrx_word' id='word_1_85' title='bbox 1111 634 1161 672; x_wconf 91' lang='grc' dir='ltr'>Μ.</span> <span class='ocrx_word' id='word_1_86' title='bbox 1192 632 1398 683; x_wconf 72' lang='grc' dir='ltr'>ὲλπίζομαι,</span> <span class='ocrx_word' id='word_1_87' title='bbox 1435 634 1484 673; x_wconf 86' lang='lat' dir='ltr'>de</span> 
     </span>
     <span class='ocr_line' id='line_1_13' title="bbox 87 697 1484 754; baseline -0.002 -14"><span class='ocrx_word' id='word_1_88' title='bbox 87 701 208 754; x_wconf 80' lang='lat' dir='ltr'><strong>plant.</strong></span> <span class='ocrx_word' id='word_1_89' title='bbox 237 699 321 739; x_wconf 69' lang='lat' dir='ltr'>Noc</span> <span class='ocrx_word' id='word_1_90' title='bbox 354 712 392 750; x_wconf 81' lang='lat' dir='ltr'>p.</span> <span class='ocrx_word' id='word_1_91' title='bbox 432 699 509 738; x_wconf 87' lang='grc'>353</span> <span class='ocrx_word' id='word_1_92' title='bbox 545 698 796 749; x_wconf 80' lang='grc' dir='ltr'>οἰνοχοσῦμαι,</span> <span class='ocrx_word' id='word_1_93' title='bbox 832 698 882 737; x_wconf 89' lang='lat' dir='ltr'>de</span> <span class='ocrx_word' id='word_1_94' title='bbox 916 698 1033 748; x_wconf 85' lang='lat' dir='ltr'>legat.</span> <span class='ocrx_word' id='word_1_95' title='bbox 1070 697 1122 737; x_wconf 88' lang='lat' dir='ltr'>ad</span> <span class='ocrx_word' id='word_1_96' title='bbox 1158 697 1299 737; x_wconf 81' lang='lat' dir='ltr'>Gaium</span> <span class='ocrx_word' id='word_1_97' title='bbox 1326 711 1364 749; x_wconf 93' lang='lat' dir='ltr'>p.</span> <span class='ocrx_word' id='word_1_98' title='bbox 1394 699 1484 748; x_wconf 89' lang='lat'>551,</span> 
     </span>
    </p>

    <p class='ocr_par' dir='ltr' id='par_1_7' title="bbox 16 760 1488 1976">
     <span class='ocr_line' id='line_1_14' title="bbox 88 760 1484 814; baseline -0.004 -8"><span class='ocrx_word' id='word_1_99' title='bbox 88 771 178 806; x_wconf 91' lang='lat' dir='ltr'>tom.</span> <span class='ocrx_word' id='word_1_100' title='bbox 214 765 266 803; x_wconf 93' lang='lat' dir='ltr'>II.</span> <span class='ocrx_word' id='word_1_101' title='bbox 305 763 366 802; x_wconf 89' lang='lat' dir='ltr'>ed.</span> <span class='ocrx_word' id='word_1_102' title='bbox 404 764 454 802; x_wconf 91' lang='lat' dir='ltr'>M.</span> <span class='ocrx_word' id='word_1_103' title='bbox 491 760 740 814; x_wconf 83' lang='grc' dir='ltr'>ὑποβλέπομαι</span> <span class='ocrx_word' id='word_1_104' title='bbox 776 764 905 803; x_wconf 86' lang='lat' dir='ltr'>activo</span> <span class='ocrx_word' id='word_1_105' title='bbox 948 775 1065 802; x_wconf 90' lang='lat' dir='ltr'>sensu</span> <span class='ocrx_word' id='word_1_106' title='bbox 1101 762 1249 802; x_wconf 80' lang='lat' dir='ltr'>dixisse</span> <span class='ocrx_word' id='word_1_107' title='bbox 1284 762 1484 814; x_wconf 89' lang='lat' dir='ltr'>reperitur.</span> 
     </span>
     <span class='ocr_line' id='line_1_15' title="bbox 16 816 1486 879; baseline -0.003 -9"><span class='ocrx_word' id='word_1_108' title='bbox 16 816 20 821; x_wconf 40' lang='lat'>¹</span> <span class='ocrx_word' id='word_1_109' title='bbox 88 828 165 870; x_wconf 83' lang='lat' dir='ltr'>Sed</span> <span class='ocrx_word' id='word_1_110' title='bbox 194 828 244 867; x_wconf 90' lang='lat' dir='ltr'>de</span> <span class='ocrx_word' id='word_1_111' title='bbox 270 828 436 879; x_wconf 86' lang='lat' dir='ltr'>plantat.</span> <span class='ocrx_word' id='word_1_112' title='bbox 464 828 550 867; x_wconf 69' lang='lat' dir='ltr'>Noe</span> <span class='ocrx_word' id='word_1_113' title='bbox 568 840 606 878; x_wconf 90' lang='lat' dir='ltr'>p.</span> <span class='ocrx_word' id='word_1_114' title='bbox 627 829 716 867; x_wconf 85' lang='lat'>353.</span> <span class='ocrx_word' id='word_1_115' title='bbox 771 827 975 877; x_wconf 87' lang='lat' dir='ltr'>Mangeius</span> <span class='ocrx_word' id='word_1_116' title='bbox 1004 831 1042 866; x_wconf 91' lang='lat' dir='ltr'>et</span> <span class='ocrx_word' id='word_1_117' title='bbox 1059 827 1263 866; x_wconf 89' lang='lat' dir='ltr'>Richterus</span> <span class='ocrx_word' id='word_1_118' title='bbox 1290 827 1486 876; x_wconf 87' lang='lat' dir='ltr'>ceterique</span> 
     </span>
     <span class='ocr_line' id='line_1_16' title="bbox 88 891 1486 945; baseline -0.002 -12"><span class='ocrx_word' id='word_1_119' title='bbox 88 894 151 945; x_wconf 92' lang='lat' dir='ltr'>qui</span> <span class='ocrx_word' id='word_1_120' title='bbox 187 904 274 932; x_wconf 92' lang='lat' dir='ltr'>cum</span> <span class='ocrx_word' id='word_1_121' title='bbox 313 892 436 932; x_wconf 89' lang='lat' dir='ltr'>secuti</span> <span class='ocrx_word' id='word_1_122' title='bbox 473 895 563 931; x_wconf 90' lang='lat' dir='ltr'>sunt</span> <span class='ocrx_word' id='word_1_123' title='bbox 590 892 770 932; x_wconf 88' lang='lat' dir='ltr'>videntur</span> <span class='ocrx_word' id='word_1_124' title='bbox 802 892 897 931; x_wconf 90' lang='lat' dir='ltr'>mihi</span> <span class='ocrx_word' id='word_1_125' title='bbox 923 904 1002 931; x_wconf 91' lang='lat' dir='ltr'>non</span> <span class='ocrx_word' id='word_1_126' title='bbox 1029 895 1134 931; x_wconf 84' lang='lat' dir='ltr'>recte</span> <span class='ocrx_word' id='word_1_127' title='bbox 1162 891 1303 931; x_wconf 85' lang='lat' dir='ltr'>fecisse</span> <span class='ocrx_word' id='word_1_128' title='bbox 1331 891 1435 941; x_wconf 90' lang='lat' dir='ltr'>quod</span> <span class='ocrx_word' id='word_1_129' title='bbox 1464 903 1486 930; x_wconf 88' lang='lat' dir='ltr'>e</span> 
     </span>
     <span class='ocr_line' id='line_1_17' title="bbox 88 955 1486 1008; baseline -0.003 -10"><span class='ocrx_word' id='word_1_130' title='bbox 88 957 221 998; x_wconf 88' lang='lat' dir='ltr'>codice</span> <span class='ocrx_word' id='word_1_131' title='bbox 256 957 448 996; x_wconf 87' lang='lat' dir='ltr'>Vaticano</span> <span class='ocrx_word' id='word_1_132' title='bbox 483 955 751 1007; x_wconf 73' lang='grc' dir='ltr'>ὲπιτειχίζονται</span> <span class='ocrx_word' id='word_1_133' title='bbox 788 970 858 1008; x_wconf 89' lang='lat' dir='ltr'>pro</span> <span class='ocrx_word' id='word_1_134' title='bbox 894 957 1024 996; x_wconf 89' lang='lat' dir='ltr'>activo</span> <span class='ocrx_word' id='word_1_135' title='bbox 1063 956 1182 995; x_wconf 91' lang='lat' dir='ltr'>verbo</span> <span class='ocrx_word' id='word_1_136' title='bbox 1217 956 1322 1006; x_wconf 90' lang='lat' dir='ltr'>quod</span> <span class='ocrx_word' id='word_1_137' title='bbox 1349 968 1486 995; x_wconf 88' lang='lat' dir='ltr'>sensus</span> 
     </span>
     <span class='ocr_line' id='line_1_18' title="bbox 88 1020 1485 1071; baseline -0.001 -10"><span class='ocrx_word' id='word_1_138' title='bbox 88 1022 162 1062; x_wconf 90' lang='lat' dir='ltr'>loci</span> <span class='ocrx_word' id='word_1_139' title='bbox 189 1021 351 1071; x_wconf 83' lang='lat' dir='ltr'>requirit</span> <span class='ocrx_word' id='word_1_140' title='bbox 379 1021 581 1061; x_wconf 89' lang='lat' dir='ltr'>dederunt.</span> <span class='ocrx_word' id='word_1_141' title='bbox 638 1022 796 1061; x_wconf 80' lang='lat' dir='ltr'>Scilicet</span> <span class='ocrx_word' id='word_1_142' title='bbox 824 1034 871 1061; x_wconf 92' lang='lat' dir='ltr'>ea</span> <span class='ocrx_word' id='word_1_143' title='bbox 898 1022 1014 1061; x_wconf 90' lang='lat' dir='ltr'>lectio</span> <span class='ocrx_word' id='word_1_144' title='bbox 1051 1033 1168 1071; x_wconf 91' lang='lat' dir='ltr'>quam</span> <span class='ocrx_word' id='word_1_145' title='bbox 1201 1020 1326 1060; x_wconf 81' lang='lat' dir='ltr'><strong>codex</strong></span> <span class='ocrx_word' id='word_1_146' title='bbox 1354 1021 1400 1060; x_wconf 91' lang='lat' dir='ltr'>A.</span> <span class='ocrx_word' id='word_1_147' title='bbox 1429 1033 1485 1059; x_wconf 90' lang='lat' dir='ltr'>re-</span> 
     </span>
     <span class='ocr_line' id='line_1_19' title="bbox 87 1083 1487 1138; baseline -0.001 -14"><span class='ocrx_word' id='word_1_148' title='bbox 87 1089 312 1138; x_wconf 87' lang='lat' dir='ltr'>praesentat</span> <span class='ocrx_word' id='word_1_149' title='bbox 349 1083 618 1135; x_wconf 77' lang='grc' dir='ltr'>ἑπιτειχίζοντες</span> <span class='ocrx_word' id='word_1_150' title='bbox 651 1086 758 1124; x_wconf 87' lang='lat' dir='ltr'>haud</span> <span class='ocrx_word' id='word_1_151' title='bbox 786 1086 903 1125; x_wconf 91' lang='lat' dir='ltr'>dubie</span> <span class='ocrx_word' id='word_1_152' title='bbox 937 1085 1184 1125; x_wconf 83' lang='lat' dir='ltr'>verisimilior</span> <span class='ocrx_word' id='word_1_153' title='bbox 1211 1089 1282 1124; x_wconf 88' lang='lat' dir='ltr'>est.</span> <span class='ocrx_word' id='word_1_154' title='bbox 1337 1086 1487 1135; x_wconf 87' lang='lat' dir='ltr'>Majore</span> 
     </span>
     <span class='ocr_line' id='line_1_20' title="bbox 90 1148 1487 1201; baseline -0.002 -12"><span class='ocrx_word' id='word_1_155' title='bbox 90 1151 189 1190; x_wconf 88' lang='lat' dir='ltr'>enim</span> <span class='ocrx_word' id='word_1_156' title='bbox 216 1150 257 1190; x_wconf 92' lang='lat' dir='ltr'>vi</span> <span class='ocrx_word' id='word_1_157' title='bbox 285 1154 324 1190; x_wconf 90' lang='lat' dir='ltr'>et</span> <span class='ocrx_word' id='word_1_158' title='bbox 353 1150 612 1190; x_wconf 81' lang='lat' dir='ltr'>concinnitate</span> <span class='ocrx_word' id='word_1_159' title='bbox 640 1151 786 1201; x_wconf 88' lang='lat' dir='ltr'>gaudet</span> <span class='ocrx_word' id='word_1_160' title='bbox 814 1150 937 1190; x_wconf 91' lang='lat' dir='ltr'>oratio</span> <span class='ocrx_word' id='word_1_161' title='bbox 958 1150 992 1190; x_wconf 91' lang='lat' dir='ltr'>si</span> <span class='ocrx_word' id='word_1_162' title='bbox 1011 1150 1063 1190; x_wconf 90' lang='lat' dir='ltr'>ad</span> <span class='ocrx_word' id='word_1_163' title='bbox 1086 1148 1278 1201; x_wconf 80' lang='grc' dir='ltr'>ὀψαρτοταὶ</span> <span class='ocrx_word' id='word_1_164' title='bbox 1307 1151 1365 1187; x_wconf 82' lang='grc' dir='ltr'>καὶ</span> <span class='ocrx_word' id='word_1_165' title='bbox 1393 1164 1487 1188; x_wconf 87' lang='grc' dir='ltr'>σιτο-</span> 
     </span>
     <span class='ocr_line' id='line_1_21' title="bbox 88 1212 1485 1265; baseline 0 -14"><span class='ocrx_word' id='word_1_166' title='bbox 88 1214 188 1252; x_wconf 84' lang='grc' dir='ltr'>πόνοι</span> <span class='ocrx_word' id='word_1_167' title='bbox 215 1215 274 1251; x_wconf 79' lang='grc' dir='ltr'>καὶ</span> <span class='ocrx_word' id='word_1_168' title='bbox 303 1212 380 1251; x_wconf 79' lang='grc' dir='ltr'>ὅσοι</span> <span class='ocrx_word' id='word_1_169' title='bbox 407 1218 471 1263; x_wconf 76' lang='grc' dir='ltr'>τῆς</span> <span class='ocrx_word' id='word_1_170' title='bbox 501 1213 538 1251; x_wconf 85' lang='grc' dir='ltr'>ὲν</span> <span class='ocrx_word' id='word_1_171' title='bbox 568 1216 703 1265; x_wconf 78' lang='grc' dir='ltr'>βαφικῇ</span> <span class='ocrx_word' id='word_1_172' title='bbox 732 1216 790 1252; x_wconf 80' lang='grc' dir='ltr'>καὶ</span> <span class='ocrx_word' id='word_1_173' title='bbox 819 1218 996 1265; x_wconf 80' lang='grc' dir='ltr'>μυρεψικῆ</span> <span class='ocrx_word' id='word_1_174' title='bbox 1015 1217 1171 1264; x_wconf 84' lang='grc' dir='ltr'>τεχνῖται</span> <span class='ocrx_word' id='word_1_175' title='bbox 1189 1214 1410 1264; x_wconf 83' lang='grc' dir='ltr'>περιεργείας</span> <span class='ocrx_word' id='word_1_176' title='bbox 1436 1226 1485 1252; x_wconf 86' lang='lat' dir='ltr'>ex</span> 
     </span>
     <span class='ocr_line' id='line_1_22' title="bbox 89 1276 1484 1329; baseline -0.002 -11"><span class='ocrx_word' id='word_1_177' title='bbox 89 1278 408 1318; x_wconf 85' lang='lat' dir='ltr'>antecedentibus</span> <span class='ocrx_word' id='word_1_178' title='bbox 450 1276 617 1316; x_wconf 76' lang='grc' dir='ltr'>ἀνθοῦσιν</span> <span class='ocrx_word' id='word_1_179' title='bbox 657 1279 905 1329; x_wconf 87' lang='lat' dir='ltr'>intelligitur,</span> <span class='ocrx_word' id='word_1_180' title='bbox 948 1283 991 1317; x_wconf 95' lang='lat' dir='ltr'>ut</span> <span class='ocrx_word' id='word_1_181' title='bbox 1035 1279 1156 1318; x_wconf 91' lang='lat' dir='ltr'>verba</span> <span class='ocrx_word' id='word_1_182' title='bbox 1193 1276 1251 1315; x_wconf 85' lang='grc' dir='ltr'>ἀεί</span> <span class='ocrx_word' id='word_1_183' title='bbox 1296 1293 1328 1315; x_wconf 91' lang='grc' dir='ltr'>τι</span> <span class='ocrx_word' id='word_1_184' title='bbox 1363 1276 1484 1316; x_wconf 79' lang='grc' dir='ltr'>καινὸν</span> 
     </span>
     <span class='ocr_line' id='line_1_23' title="bbox 88 1338 1484 1393; baseline 0.001 -14"><span class='ocrx_word' id='word_1_185' title='bbox 88 1346 220 1393; x_wconf 79' lang='grc' dir='ltr'>χρῶμα</span> <span class='ocrx_word' id='word_1_186' title='bbox 246 1338 270 1392; x_wconf 80' lang='grc' dir='ltr'>ἤ</span> <span class='ocrx_word' id='word_1_187' title='bbox 302 1345 428 1393; x_wconf 84' lang='grc' dir='ltr'>σχῆμα</span> <span class='ocrx_word' id='word_1_188' title='bbox 455 1340 478 1392; x_wconf 77' lang='grc' dir='ltr'><strong>ἢ</strong></span> <span class='ocrx_word' id='word_1_189' title='bbox 510 1339 663 1392; x_wconf 75' lang='grc' dir='ltr'>ἀτμὸν-ἢ</span> <span class='ocrx_word' id='word_1_190' title='bbox 693 1341 806 1393; x_wconf 89' lang='grc' dir='ltr'>χυλὸν</span> <span class='ocrx_word' id='word_1_191' title='bbox 836 1341 1104 1392; x_wconf 78' lang='grc' dir='ltr'>ὲπιτειχίζοντες</span> <span class='ocrx_word' id='word_1_192' title='bbox 1123 1343 1183 1381; x_wconf 86' lang='lat' dir='ltr'>his</span> <span class='ocrx_word' id='word_1_193' title='bbox 1201 1342 1484 1393; x_wconf 81' lang='lat' dir='ltr'>respondeant:</span> 
     </span>
     <span class='ocr_line' id='line_1_24' title="bbox 91 1403 1486 1458; baseline 0 -14"><span class='ocrx_word' id='word_1_194' title='bbox 91 1405 179 1445; x_wconf 80' lang='grc' dir='ltr'>εἴτι</span> <span class='ocrx_word' id='word_1_195' title='bbox 205 1410 269 1457; x_wconf 87' lang='grc' dir='ltr'>τῆς</span> <span class='ocrx_word' id='word_1_196' title='bbox 298 1406 452 1449; x_wconf 82' lang='grc' dir='ltr'>διανοίας</span> <span class='ocrx_word' id='word_1_197' title='bbox 481 1403 655 1457; x_wconf 79' lang='grc' dir='ltr'>κατεαγὸς</span> <span class='ocrx_word' id='word_1_198' title='bbox 683 1407 741 1445; x_wconf 84' lang='grc' dir='ltr'>καὶ</span> <span class='ocrx_word' id='word_1_199' title='bbox 776 1404 1046 1458; x_wconf 83' lang='grc' dir='ltr'>κεχαλασμένον</span> <span class='ocrx_word' id='word_1_200' title='bbox 1085 1405 1280 1458; x_wconf 81' lang='grc' dir='ltr'>ἐγείροντες</span> <span class='ocrx_word' id='word_1_201' title='bbox 1309 1408 1384 1445; x_wconf 80' lang='grc' dir='ltr'>κτλ.</span> <span class='ocrx_word' id='word_1_202' title='bbox 1439 1407 1486 1445; x_wconf 88' lang='lat' dir='ltr'>In</span> 
     </span>
     <span class='ocr_line' id='line_1_25' title="bbox 89 1470 1487 1523; baseline -0.002 -11"><span class='ocrx_word' id='word_1_203' title='bbox 89 1484 215 1512; x_wconf 88' lang='lat' dir='ltr'>errore</span> <span class='ocrx_word' id='word_1_204' title='bbox 243 1473 362 1512; x_wconf 88' lang='lat' dir='ltr'>etiam</span> <span class='ocrx_word' id='word_1_205' title='bbox 389 1473 597 1512; x_wconf 86' lang='lat' dir='ltr'>Muellerus</span> <span class='ocrx_word' id='word_1_206' title='bbox 614 1477 803 1514; x_wconf 71' lang='lat' dir='ltr'>‚versatus</span> <span class='ocrx_word' id='word_1_207' title='bbox 832 1477 891 1512; x_wconf 88' lang='lat' dir='ltr'>est</span> <span class='ocrx_word' id='word_1_208' title='bbox 919 1473 985 1522; x_wconf 90' lang='lat' dir='ltr'>qui</span> <span class='ocrx_word' id='word_1_209' title='bbox 1013 1486 1034 1511; x_wconf 85' lang='lat' dir='ltr'>a</span> <span class='ocrx_word' id='word_1_210' title='bbox 1062 1473 1225 1512; x_wconf 88' lang='lat' dir='ltr'>Philone</span> <span class='ocrx_word' id='word_1_211' title='bbox 1245 1470 1487 1523; x_wconf 82' lang='grc' dir='ltr'>ὑπερέχεσθαι</span> 
     </span>
     <span class='ocr_line' id='line_1_26' title="bbox 89 1535 1488 1589; baseline 0.001 -15"><span class='ocrx_word' id='word_1_212' title='bbox 89 1549 159 1588; x_wconf 89' lang='lat' dir='ltr'>pro</span> <span class='ocrx_word' id='word_1_213' title='bbox 186 1535 373 1588; x_wconf 81' lang='grc' dir='ltr'>ὑπερέχειν</span> <span class='ocrx_word' id='word_1_214' title='bbox 408 1537 624 1576; x_wconf 88' lang='lat' dir='ltr'>adhibitum</span> <span class='ocrx_word' id='word_1_215' title='bbox 644 1549 730 1577; x_wconf 88' lang='lat' dir='ltr'>esse</span> <span class='ocrx_word' id='word_1_216' title='bbox 749 1538 956 1589; x_wconf 88' lang='lat' dir='ltr'>putaverit.</span> <span class='ocrx_word' id='word_1_217' title='bbox 994 1538 1060 1577; x_wconf 87' lang='lat' dir='ltr'>Sic</span> <span class='ocrx_word' id='word_1_218' title='bbox 1078 1538 1180 1577; x_wconf 88' lang='lat' dir='ltr'>enim</span> <span class='ocrx_word' id='word_1_219' title='bbox 1199 1538 1265 1577; x_wconf 88' lang='lat' dir='ltr'>ille</span> <span class='ocrx_word' id='word_1_220' title='bbox 1285 1537 1334 1576; x_wconf 90' lang='lat' dir='ltr'>de</span> <span class='ocrx_word' id='word_1_221' title='bbox 1353 1536 1488 1576; x_wconf 90' lang='lat' dir='ltr'>mundi</span> 
     </span>
     <span class='ocr_line' id='line_1_27' title="bbox 90 1599 1487 1652; baseline -0.001 -13"><span class='ocrx_word' id='word_1_222' title='bbox 90 1601 182 1652; x_wconf 82' lang='lat' dir='ltr'>opis.</span> <span class='ocrx_word' id='word_1_223' title='bbox 210 1615 248 1652; x_wconf 86' lang='lat' dir='ltr'>p.</span> <span class='ocrx_word' id='word_1_224' title='bbox 279 1604 328 1641; x_wconf 89' lang='grc'>27</span> <span class='ocrx_word' id='word_1_225' title='bbox 358 1602 501 1640; x_wconf 82' lang='lat' dir='ltr'>edidit:</span> <span class='ocrx_word' id='word_1_226' title='bbox 530 1600 575 1638; x_wconf 85' lang='grc' dir='ltr'>τὰ</span> <span class='ocrx_word' id='word_1_227' title='bbox 604 1600 668 1651; x_wconf 83' lang='grc' dir='ltr'>μὲν</span> <span class='ocrx_word' id='word_1_228' title='bbox 696 1601 764 1652; x_wconf 82' lang='grc' dir='ltr'>γὰρ</span> <span class='ocrx_word' id='word_1_229' title='bbox 794 1603 935 1639; x_wconf 80' lang='grc' dir='ltr'>δώδεκα</span> <span class='ocrx_word' id='word_1_230' title='bbox 953 1605 1024 1639; x_wconf 83' lang='grc' dir='ltr'>τῶν</span> <span class='ocrx_word' id='word_1_231' title='bbox 1054 1600 1147 1639; x_wconf 72' lang='grc' dir='ltr'>ὀκτὼ</span> <span class='ocrx_word' id='word_1_232' title='bbox 1170 1599 1329 1652; x_wconf 86' lang='grc' dir='ltr'>τέταρσιν</span> <span class='ocrx_word' id='word_1_233' title='bbox 1358 1600 1487 1652; x_wconf 83' lang='grc' dir='ltr'>ὑπερέ-</span> 
     </span>
     <span class='ocr_line' id='line_1_28' title="bbox 89 1663 1487 1716; baseline 0.001 -13"><span class='ocrx_word' id='word_1_234' title='bbox 89 1678 189 1716; x_wconf 89' lang='grc' dir='ltr'>χεται</span> <span class='ocrx_word' id='word_1_235' title='bbox 215 1663 260 1703; x_wconf 83' lang='grc' dir='ltr'>τὰ</span> <span class='ocrx_word' id='word_1_236' title='bbox 288 1664 328 1703; x_wconf 82' lang='grc' dir='ltr'>δὲ</span> <span class='ocrx_word' id='word_1_237' title='bbox 359 1665 452 1704; x_wconf 82' lang='grc' dir='ltr'>ὀκτὼ</span> <span class='ocrx_word' id='word_1_238' title='bbox 480 1670 551 1704; x_wconf 78' lang='grc' dir='ltr'>τῶν</span> <span class='ocrx_word' id='word_1_239' title='bbox 579 1663 616 1709; x_wconf 77' lang='grc' dir='ltr'>ἓξ</span> <span class='ocrx_word' id='word_1_240' title='bbox 637 1666 725 1706; x_wconf 85' lang='grc' dir='ltr'>δυσί.</span> <span class='ocrx_word' id='word_1_241' title='bbox 773 1667 875 1706; x_wconf 89' lang='lat' dir='ltr'>Usus</span> <span class='ocrx_word' id='word_1_242' title='bbox 895 1671 954 1707; x_wconf 90' lang='lat' dir='ltr'>est</span> <span class='ocrx_word' id='word_1_243' title='bbox 973 1680 1068 1707; x_wconf 91' lang='lat' dir='ltr'>sane</span> <span class='ocrx_word' id='word_1_244' title='bbox 1088 1667 1321 1706; x_wconf 90' lang='lat' dir='ltr'>auctoritate</span> <span class='ocrx_word' id='word_1_245' title='bbox 1340 1666 1487 1706; x_wconf 86' lang='lat' dir='ltr'>codicis</span> 
     </span>
     <span class='ocr_line' id='line_1_29' title="bbox 91 1730 1488 1782; baseline 0.001 -14"><span class='ocrx_word' id='word_1_246' title='bbox 91 1730 135 1768; x_wconf 90' lang='lat' dir='ltr'>A.</span> <span class='ocrx_word' id='word_1_247' title='bbox 164 1730 234 1769; x_wconf 88' lang='lat' dir='ltr'>sed</span> <span class='ocrx_word' id='word_1_248' title='bbox 262 1743 379 1779; x_wconf 90' lang='lat' dir='ltr'>quum</span> <span class='ocrx_word' id='word_1_249' title='bbox 406 1731 524 1782; x_wconf 88' lang='lat' dir='ltr'>paulo</span> <span class='ocrx_word' id='word_1_250' title='bbox 552 1735 644 1770; x_wconf 89' lang='lat' dir='ltr'>ante</span> <span class='ocrx_word' id='word_1_251' title='bbox 671 1731 749 1770; x_wconf 88' lang='lat' dir='ltr'>ista</span> <span class='ocrx_word' id='word_1_252' title='bbox 776 1732 995 1782; x_wconf 87' lang='lat' dir='ltr'>praesentis</span> <span class='ocrx_word' id='word_1_253' title='bbox 1023 1731 1149 1770; x_wconf 88' lang='lat' dir='ltr'>forma</span> <span class='ocrx_word' id='word_1_254' title='bbox 1176 1732 1233 1770; x_wconf 91' lang='lat' dir='ltr'>ita</span> <span class='ocrx_word' id='word_1_255' title='bbox 1261 1731 1414 1770; x_wconf 88' lang='lat' dir='ltr'>dicatur</span> <span class='ocrx_word' id='word_1_256' title='bbox 1445 1735 1488 1769; x_wconf 91' lang='lat' dir='ltr'>ut</span> 
     </span>
     <span class='ocr_line' id='line_1_30' title="bbox 30 1794 1488 1849; baseline 0.001 -16"><span class='ocrx_word' id='word_1_257' title='bbox 30 1836 36 1844; x_wconf 36' lang='lat'><strong>⁴</strong></span> <span class='ocrx_word' id='word_1_258' title='bbox 89 1794 287 1845; x_wconf 86' lang='lat' dir='ltr'>passivam</span> <span class='ocrx_word' id='word_1_259' title='bbox 322 1795 468 1835; x_wconf 87' lang='lat' dir='ltr'>habeat</span> <span class='ocrx_word' id='word_1_260' title='bbox 503 1795 828 1846; x_wconf 86' lang='lat' dir='ltr'>significationem</span> <span class='ocrx_word' id='word_1_261' title='bbox 867 1808 938 1836; x_wconf 91' lang='lat' dir='ltr'>nec</span> <span class='ocrx_word' id='word_1_262' title='bbox 973 1796 1031 1835; x_wconf 89' lang='lat' dir='ltr'>ita</span> <span class='ocrx_word' id='word_1_263' title='bbox 1065 1796 1185 1835; x_wconf 91' lang='lat' dir='ltr'>multo</span> <span class='ocrx_word' id='word_1_264' title='bbox 1224 1800 1314 1849; x_wconf 86' lang='lat' dir='ltr'>post</span> <span class='ocrx_word' id='word_1_265' title='bbox 1349 1796 1488 1835; x_wconf 90' lang='lat' dir='ltr'>iterum</span> 
     </span>
     <span class='ocr_line' id='line_1_31' title="bbox 89 1860 1488 1912; baseline 0.001 -15"><span class='ocrx_word' id='word_1_266' title='bbox 89 1860 245 1908; x_wconf 87' lang='lat' dir='ltr'>passive</span> <span class='ocrx_word' id='word_1_267' title='bbox 283 1865 472 1911; x_wconf 85' lang='lat' dir='ltr'>usurpata</span> <span class='ocrx_word' id='word_1_268' title='bbox 511 1861 583 1911; x_wconf 92' lang='lat' dir='ltr'>sit,</span> <span class='ocrx_word' id='word_1_269' title='bbox 625 1861 665 1899; x_wconf 92' lang='lat' dir='ltr'>in</span> <span class='ocrx_word' id='word_1_270' title='bbox 703 1873 782 1899; x_wconf 89' lang='lat' dir='ltr'>una</span> <span class='ocrx_word' id='word_1_271' title='bbox 823 1861 1039 1910; x_wconf 91' lang='lat' dir='ltr'>eademque</span> <span class='ocrx_word' id='word_1_272' title='bbox 1075 1862 1223 1912; x_wconf 86' lang='lat' dir='ltr'>pagina</span> <span class='ocrx_word' id='word_1_273' title='bbox 1263 1874 1288 1900; x_wconf 90' lang='lat' dir='ltr'>a</span> <span class='ocrx_word' id='word_1_274' title='bbox 1325 1861 1488 1899; x_wconf 88' lang='lat' dir='ltr'>Philone</span> 
     </span>
     <span class='ocr_line' id='line_1_32' title="bbox 91 1920 1488 1976; baseline 0.003 -16"><span class='ocrx_word' id='word_1_275' title='bbox 91 1920 330 1975; x_wconf 81' lang='grc' dir='ltr'>ὑπερέχεσθαι</span> <span class='ocrx_word' id='word_1_276' title='bbox 366 1929 448 1964; x_wconf 93' lang='lat' dir='ltr'>tum</span> <span class='ocrx_word' id='word_1_277' title='bbox 485 1926 615 1965; x_wconf 88' lang='lat' dir='ltr'>activa</span> <span class='ocrx_word' id='word_1_278' title='bbox 648 1929 729 1964; x_wconf 90' lang='lat' dir='ltr'>tum</span> <span class='ocrx_word' id='word_1_279' title='bbox 756 1925 918 1976; x_wconf 88' lang='lat' dir='ltr'>passiva</span> <span class='ocrx_word' id='word_1_280' title='bbox 952 1926 993 1964; x_wconf 93' lang='lat' dir='ltr'>vi</span> <span class='ocrx_word' id='word_1_281' title='bbox 1029 1925 1245 1965; x_wconf 90' lang='lat' dir='ltr'>adhibitum</span> <span class='ocrx_word' id='word_1_282' title='bbox 1279 1937 1366 1965; x_wconf 87' lang='lat' dir='ltr'>esse</span> <span class='ocrx_word' id='word_1_283' title='bbox 1394 1925 1488 1964; x_wconf 88' lang='lat' dir='ltr'>mihi</span> 
     </span>
    </p>
   </div>
   <div class='ocr_carea' id='block_1_7' title="bbox 20 1987 644 2041">
    <p class='ocr_par' dir='ltr' id='par_1_8' title="bbox 20 1987 644 2041">
     <span class='ocr_line' id='line_1_33' title="bbox 20 1987 644 2041; baseline 0.005 -15"><span class='ocrx_word' id='word_1_284' title='bbox 20 1998 22 2001; x_wconf 70' lang='grc'>’</span> <span class='ocrx_word' id='word_1_285' title='bbox 90 1987 245 2036; x_wconf 92' lang='lat' dir='ltr'>quidem</span> <span class='ocrx_word' id='word_1_286' title='bbox 271 2002 349 2028; x_wconf 91' lang='lat' dir='ltr'>non</span> <span class='ocrx_word' id='word_1_287' title='bbox 376 1990 644 2041; x_wconf 84' lang='lat' dir='ltr'>persuadetur.</span> 
     </span>
    </p>
   </div>
   <div class='ocr_carea' id='block_1_8' title="bbox 0 0 69 2485">
    <p class='ocr_par' dir='ltr' id='par_1_9' title="bbox 0 0 69 2485">
     <span class='ocr_line' id='line_1_34' title="bbox 0 0 69 2485; baseline 0 0"><span class='ocrx_word' id='word_1_288' title='bbox 0 0 69 2485; x_wconf 95' lang='lat' dir='ltr'> </span> 
     </span>
    </p>
   </div>
   <div class='ocr_carea' id='block_1_9' title="bbox 89 2053 1489 2560">
    <p class='ocr_par' dir='ltr' id='par_1_10' title="bbox 89 2053 1489 2560">
     <span class='ocr_line' id='line_1_35' title="bbox 167 2053 1489 2105; baseline 0 -13"><span class='ocrx_word' id='word_1_289' title='bbox 167 2053 202 2091; x_wconf 92' lang='lat' dir='ltr'>A</span> <span class='ocrx_word' id='word_1_290' title='bbox 234 2055 440 2093; x_wconf 90' lang='lat' dir='ltr'>verborum</span> <span class='ocrx_word' id='word_1_291' title='bbox 475 2055 655 2105; x_wconf 86' lang='lat' dir='ltr'>enallage</span> <span class='ocrx_word' id='word_1_292' title='bbox 690 2055 804 2094; x_wconf 90' lang='lat' dir='ltr'>venio</span> <span class='ocrx_word' id='word_1_293' title='bbox 847 2054 899 2093; x_wconf 90' lang='lat' dir='ltr'>ad</span> <span class='ocrx_word' id='word_1_294' title='bbox 933 2055 1131 2093; x_wconf 92' lang='lat' dir='ltr'>nominum</span> <span class='ocrx_word' id='word_1_295' title='bbox 1164 2054 1489 2105; x_wconf 83' lang='lat' dir='ltr'>permutationem</span> 
     </span>
     <span class='ocr_line' id='line_1_36' title="bbox 89 2115 1486 2169; baseline 0.001 -15"><span class='ocrx_word' id='word_1_296' title='bbox 89 2115 241 2156; x_wconf 90' lang='lat' dir='ltr'>Philoni</span> <span class='ocrx_word' id='word_1_297' title='bbox 282 2131 369 2157; x_wconf 91' lang='lat' dir='ltr'>cum</span> <span class='ocrx_word' id='word_1_298' title='bbox 411 2120 588 2158; x_wconf 91' lang='lat' dir='ltr'>omnibus</span> <span class='ocrx_word' id='word_1_299' title='bbox 626 2119 707 2158; x_wconf 87' lang='lat' dir='ltr'>fere</span> <span class='ocrx_word' id='word_1_300' title='bbox 745 2119 905 2158; x_wconf 81' lang='lat' dir='ltr'>Graecis</span> <span class='ocrx_word' id='word_1_301' title='bbox 942 2119 1195 2169; x_wconf 84' lang='lat' dir='ltr'>scriptoribus</span> <span class='ocrx_word' id='word_1_302' title='bbox 1233 2130 1486 2157; x_wconf 90' lang='lat' dir='ltr'>communem.</span> 
     </span>
     <span class='ocr_line' id='line_1_37' title="bbox 89 2179 1486 2235; baseline 0.001 -15"><span class='ocrx_word' id='word_1_303' title='bbox 89 2179 434 2232; x_wconf 81' lang='lat' dir='ltr'>Frequentissime,</span> <span class='ocrx_word' id='word_1_304' title='bbox 461 2185 562 2224; x_wconf 91' lang='lat' dir='ltr'>enim</span> <span class='ocrx_word' id='word_1_305' title='bbox 607 2184 846 2234; x_wconf 88' lang='lat' dir='ltr'>adjectivum</span> <span class='ocrx_word' id='word_1_306' title='bbox 886 2187 1064 2223; x_wconf 90' lang='lat' dir='ltr'>neutrum</span> <span class='ocrx_word' id='word_1_307' title='bbox 1102 2183 1267 2223; x_wconf 86' lang='lat' dir='ltr'>articulo</span> <span class='ocrx_word' id='word_1_308' title='bbox 1311 2183 1486 2235; x_wconf 82' lang='lat' dir='ltr'>praefixo</span> 
     </span>
     <span class='ocr_line' id='line_1_38' title="bbox 89 2246 1487 2300; baseline 0 -16"><span class='ocrx_word' id='word_1_309' title='bbox 89 2256 157 2295; x_wconf 88' lang='lat' dir='ltr'>pro</span> <span class='ocrx_word' id='word_1_310' title='bbox 186 2248 430 2287; x_wconf 88' lang='lat' dir='ltr'>substantivo</span> <span class='ocrx_word' id='word_1_311' title='bbox 460 2249 636 2300; x_wconf 87' lang='lat' dir='ltr'>sumpsit,</span> <span class='ocrx_word' id='word_1_312' title='bbox 664 2252 707 2287; x_wconf 94' lang='lat' dir='ltr'>ut</span> <span class='ocrx_word' id='word_1_313' title='bbox 736 2248 784 2287; x_wconf 88' lang='lat' dir='ltr'>de</span> <span class='ocrx_word' id='word_1_314' title='bbox 821 2248 954 2287; x_wconf 88' lang='lat' dir='ltr'>mundi</span> <span class='ocrx_word' id='word_1_315' title='bbox 983 2249 1076 2299; x_wconf 83' lang='lat' dir='ltr'>opis.</span> <span class='ocrx_word' id='word_1_316' title='bbox 1105 2262 1143 2300; x_wconf 92' lang='lat' dir='ltr'>p.</span> <span class='ocrx_word' id='word_1_317' title='bbox 1174 2251 1197 2288; x_wconf 87' lang='lat'>5</span> <span class='ocrx_word' id='word_1_318' title='bbox 1225 2246 1266 2285; x_wconf 83' lang='grc' dir='ltr'>τὸ</span> <span class='ocrx_word' id='word_1_319' title='bbox 1296 2261 1487 2298; x_wconf 77' lang='grc' dir='ltr'>συμφωνον</span> 
     </span>
     <span class='ocr_line' id='line_1_39' title="bbox 90 2311 1486 2364; baseline 0.002 -16"><span class='ocrx_word' id='word_1_320' title='bbox 90 2311 192 2358; x_wconf 91' lang='lat' dir='ltr'>quod</span> <span class='ocrx_word' id='word_1_321' title='bbox 210 2312 352 2352; x_wconf 90' lang='lat' dir='ltr'>Latina</span> <span class='ocrx_word' id='word_1_322' title='bbox 379 2325 476 2353; x_wconf 92' lang='lat' dir='ltr'>voce</span> <span class='ocrx_word' id='word_1_323' title='bbox 496 2317 704 2353; x_wconf 89' lang='lat' dir='ltr'>concentus</span> <span class='ocrx_word' id='word_1_324' title='bbox 723 2312 887 2352; x_wconf 88' lang='lat' dir='ltr'>reddere</span> <span class='ocrx_word' id='word_1_325' title='bbox 912 2313 1053 2364; x_wconf 86' lang='lat' dir='ltr'>possis,</span> <span class='ocrx_word' id='word_1_326' title='bbox 1084 2313 1133 2353; x_wconf 88' lang='lat' dir='ltr'>de</span> <span class='ocrx_word' id='word_1_327' title='bbox 1153 2313 1331 2364; x_wconf 84' lang='lat' dir='ltr'>agricult.</span> <span class='ocrx_word' id='word_1_328' title='bbox 1351 2326 1389 2364; x_wconf 90' lang='lat' dir='ltr'>p.</span> <span class='ocrx_word' id='word_1_329' title='bbox 1410 2313 1486 2352; x_wconf 84' lang='lat'>326</span> 
     </span>
     <span class='ocr_line' id='line_1_40' title="bbox 89 2371 1485 2429; baseline 0.001 -18"><span class='ocrx_word' id='word_1_330' title='bbox 89 2371 127 2410; x_wconf 88' lang='grc' dir='ltr'>τὸ</span> <span class='ocrx_word' id='word_1_331' title='bbox 167 2375 406 2427; x_wconf 79' lang='grc' dir='ltr'>ῥιψοκίνδυνον</span> <span class='ocrx_word' id='word_1_332' title='bbox 452 2378 557 2427; x_wconf 90' lang='lat' dir='ltr'>quod</span> <span class='ocrx_word' id='word_1_333' title='bbox 592 2382 652 2416; x_wconf 89' lang='lat' dir='ltr'>est</span> <span class='ocrx_word' id='word_1_334' title='bbox 687 2377 907 2427; x_wconf 87' lang='lat' dir='ltr'>temeritas,</span> <span class='ocrx_word' id='word_1_335' title='bbox 947 2377 996 2416; x_wconf 89' lang='lat' dir='ltr'>de</span> <span class='ocrx_word' id='word_1_336' title='bbox 1031 2378 1208 2429; x_wconf 87' lang='lat' dir='ltr'>profugis</span> <span class='ocrx_word' id='word_1_337' title='bbox 1251 2391 1289 2428; x_wconf 91' lang='lat' dir='ltr'>p.</span> <span class='ocrx_word' id='word_1_338' title='bbox 1331 2378 1407 2415; x_wconf 87' lang='grc'>549</span> <span class='ocrx_word' id='word_1_339' title='bbox 1446 2375 1485 2413; x_wconf 87' lang='grc' dir='ltr'>τὸ</span> 
     </span>
     <span class='ocr_line' id='line_1_41' title="bbox 92 2433 1488 2493; baseline 0.002 -15"><span class='ocrx_word' id='word_1_340' title='bbox 92 2433 275 2493; x_wconf 75' lang='grc' dir='ltr'>ἆπᾳτηλὸν</span> <span class='ocrx_word' id='word_1_341' title='bbox 294 2443 353 2480; x_wconf 81' lang='grc' dir='ltr'>καὶ</span> <span class='ocrx_word' id='word_1_342' title='bbox 373 2440 632 2493; x_wconf 79' lang='grc' dir='ltr'>εὐπαράγωγον</span> <span class='ocrx_word' id='word_1_343' title='bbox 651 2445 722 2480; x_wconf 79' lang='grc' dir='ltr'>τῶν</span> <span class='ocrx_word' id='word_1_344' title='bbox 742 2440 947 2492; x_wconf 72' lang='grc' dir='ltr'>αἰσθήσεων</span> <span class='ocrx_word' id='word_1_345' title='bbox 975 2442 1159 2481; x_wconf 84' lang='lat' dir='ltr'>fallaciae</span> <span class='ocrx_word' id='word_1_346' title='bbox 1178 2454 1225 2481; x_wconf 91' lang='lat' dir='ltr'>ac</span> <span class='ocrx_word' id='word_1_347' title='bbox 1244 2441 1488 2493; x_wconf 86' lang='lat' dir='ltr'>corruptelae</span> 
     </span>
     <span class='ocr_line' id='line_1_42' title="bbox 91 2507 1486 2560; baseline 0.002 -18"><span class='ocrx_word' id='word_1_348' title='bbox 91 2513 282 2546; x_wconf 82' lang='lat' dir='ltr'>sensuum.</span> <span class='ocrx_word' id='word_1_349' title='bbox 352 2508 443 2547; x_wconf 92' lang='lat' dir='ltr'>Alia</span> <span class='ocrx_word' id='word_1_350' title='bbox 493 2510 578 2558; x_wconf 84' lang='lat' dir='ltr'>ejus</span> <span class='ocrx_word' id='word_1_351' title='bbox 619 2508 773 2558; x_wconf 84' lang='lat' dir='ltr'>generis</span> <span class='ocrx_word' id='word_1_352' title='bbox 815 2508 997 2560; x_wconf 82' lang='lat' dir='ltr'>exempla</span> <span class='ocrx_word' id='word_1_353' title='bbox 1038 2508 1185 2559; x_wconf 88' lang='lat' dir='ltr'>passim</span> <span class='ocrx_word' id='word_1_354' title='bbox 1227 2507 1486 2546; x_wconf 86' lang='lat' dir='ltr'>inveniuntur.</span> 
     </span>
    </p>
   </div>
   <div class='ocr_carea' id='block_1_10' title="bbox 4 2566 1487 2624">
    <p class='ocr_par' dir='ltr' id='par_1_11' title="bbox 4 2566 1487 2624">
     <span class='ocr_line' id='line_1_43' title="bbox 4 2566 1487 2624; baseline 0.003 -18"><span class='ocrx_word' id='word_1_355' title='bbox 4 2566 25 2581; x_wconf 74' lang='grc'>”</span> <span class='ocrx_word' id='word_1_356' title='bbox 90 2566 255 2612; x_wconf 87' lang='lat' dir='ltr'>Diversa</span> <span class='ocrx_word' id='word_1_357' title='bbox 293 2577 354 2612; x_wconf 89' lang='lat' dir='ltr'>est</span> <span class='ocrx_word' id='word_1_358' title='bbox 389 2573 564 2613; x_wconf 88' lang='lat' dir='ltr'>feminini</span> <span class='ocrx_word' id='word_1_359' title='bbox 601 2572 794 2623; x_wconf 81' lang='lat' dir='ltr'>adjectivi</span> <span class='ocrx_word' id='word_1_360' title='bbox 828 2573 928 2612; x_wconf 90' lang='lat' dir='ltr'>ratio</span> <span class='ocrx_word' id='word_1_361' title='bbox 965 2573 1048 2612; x_wconf 87' lang='lat' dir='ltr'>sine</span> <span class='ocrx_word' id='word_1_362' title='bbox 1084 2573 1328 2612; x_wconf 87' lang='lat' dir='ltr'>substantivo</span> <span class='ocrx_word' id='word_1_363' title='bbox 1356 2571 1487 2624; x_wconf 86' lang='lat' dir='ltr'>positi.</span> 
     </span>
    </p>
   </div>
  </div>
 </body>
</html>
