1732 2878
0 0 176 32 ww
207 1 220 11 ²
233 0 270 40 1·÷⁴
600 13 659 39 ,·
793 11 795 14 ·

21 128 36 194 χ’
126 201 163 241 p.
193 185 282 225 281‘
298 185 338 222 et
362 194 401 233 p.
431 182 520 232 283,
547 184 628 220 tom
653 181 706 220 ΙΙ.
734 181 796 221 ed.
814 182 945 232 Mang.
974 181 1024 221 de
1043 180 1220 222 sabbatis
1247 184 1348 220 teste
1376 181 1521 232 optimo

127 249 262 292 codice
287 245 549 286 Laurentiano
576 246 791 297 usurpavit,
821 246 870 285 de
897 246 1037 296 quibus
1065 258 1183 296 quum
1210 245 1372 285 verbum
1400 242 1522 296 ἀνέχω

127 315 324 364 eleganter
342 310 488 350 dictum
507 310 558 349 sit
575 310 692 349 miror
719 310 824 360 quod
842 311 902 350 vir
920 322 1092 350 summus
1110 309 1522 350 Tischendorfius

125 369 226 420 hanc
252 374 519 426 metaphoram
546 378 711 424 utroque
737 375 824 414 loco
853 375 1015 426 expulit.
1073 374 1283 414 Substifuit
1305 374 1455 413 scilicet
1481 374 1522 412 in

125 441 321 484 Philoneis
354 451 455 490 quae
489 439 612 478 edidit
647 440 808 479 verbum
842 437 1002 490 ἀπέχειν.
1057 440 1185 479 Verbo
1221 437 1395 477 ἀντωθέω
1428 450 1524 478 usus

127 511 187 548 est
212 505 323 545 Philo
353 504 402 542 de
430 503 563 541 mundi
593 503 685 555 opif.
714 516 752 554 p.
783 505 832 543 14
852 503 912 542 ed.
942 504 1070 554 Mang.
1100 504 1149 542 de
1176 504 1350 555 piscibus
1377 504 1418 542 in
1445 507 1523 542 tur-

124 571 226 613 bidis
253 568 383 609 fluviis
410 567 643 617 viventibus,
672 579 790 617 quam
816 579 953 607 vocem
979 567 1015 607 J.
1036 568 1081 607 Gr.
1102 568 1308 608 Mueller
1339 568 1522 608 recentis-

126 637 245 677 simus
288 632 377 672 libri
419 632 468 671 de
505 632 639 671 mundi
675 632 829 684 opificio
874 632 1000 672 editor
1036 632 1093 671 sic
1131 633 1406 684 interpretatus
1442 636 1520 672 est:

126 698 343 741 abwehren.
400 697 479 737 Sed
507 696 655 736 fallitur
682 697 749 747 qui
776 700 857 736 tam
884 697 965 736 late
992 697 1189 736 notionem
1209 697 1317 737 verbi
1348 695 1521 736 ἂντωθέω

125 769 259 817 patere
287 763 494 802 existimet.
549 762 651 806 Nam
680 762 714 801 si
742 762 795 801 ad
823 764 909 812 ejus
938 762 1127 812 originem
1154 762 1403 802 descenderis
1424 763 1521 802 nihil
1543 754 1550 760 ’

125 828 231 869 aliud
259 840 305 866 eo
335 826 547 876 significari
574 826 771 876 intelligas
799 827 874 865 nisi
901 830 1067 865 rettun
1078 826 1201 865 dere.
1256 827 1339 866 Nec
1366 830 1427 865 est
1454 838 1522 865 cur

123 893 186 932 hic
213 892 291 931 alio
320 902 436 931 sensu
455 891 529 930 hoc
547 891 779 930 vocabulum
798 893 1027 942 usurpatum
1047 902 1134 930 esse
1154 891 1291 930 credas
1311 891 1520 930 dummodo

123 957 210 996 voci
237 953 379 1006 φθοράν
407 967 524 1004 quam
551 955 625 993 hoc
653 955 739 994 loco
767 955 1043 993 Muellerus
1071 967 1120 994 ex
1138 955 1416 994 vetustioribus
1442 955 1521 994 edi-

123 1020 292 1060 tionibus
320 1019 478 1071 recepit,
506 1018 707 1070 praeferas
725 1019 932 1058 lectionem
951 1016 1066 1070 φοράν
1086 1031 1187 1069 quae
1207 1019 1408 1058 codicibus
1426 1019 1520 1058 Tur-

123 1085 224 1136 nebi,
253 1085 457 1134 Vaticano,
487 1084 729 1134 Augustano,
757 1084 850 1123 item
878 1084 1049 1123 Turnebi
1076 1084 1268 1124 varietate
1300 1085 1520 1136 praebetur,

123 1154 165 1190 ut
192 1161 329 1189 sensus
358 1149 409 1188 sit
436 1149 622 1200 impetum
656 1148 848 1187 undarum
883 1161 908 1187 a
935 1148 1108 1200 piscibus
1146 1149 1315 1200 reprimi.
1369 1148 1520 1189 Eadem

123 1215 288 1255 formula
323 1215 364 1253 in
396 1215 495 1253 libro
533 1213 581 1253 de
614 1214 790 1265 profugis
824 1227 862 1265 p.
892 1215 969 1253 575
1007 1214 1067 1253 ed.
1100 1214 1230 1264 Mang.
1286 1214 1397 1253 Philo
1425 1226 1519 1253 usus

124 1292 209 1319 esse
227 1279 382 1318 videtur
400 1279 467 1318 ubi
485 1279 602 1329 vulgo
622 1280 751 1330 inepte
771 1278 914 1317 editur:
945 1275 1091 1328 δίστεγος
1122 1276 1162 1315 δὲ
1182 1280 1241 1316 καὶ
1261 1277 1280 1316 ὁ
1300 1277 1520 1330 προφορικὸς

122 1343 227 1394 λόγος
257 1341 295 1386 ὃς
323 1343 432 1394 μυρία
458 1346 529 1380 τῶν
558 1341 770 1394 ἀπορρήτων
800 1341 862 1380 ἅτε
891 1340 1046 1393 μηδενὸς
1064 1340 1129 1393 τὴν
1150 1341 1265 1394 φορὰν
1291 1341 1518 1386 ἀνωθοῦντος

123 1407 275 1460 ἀκαίρως
304 1406 513 1458 ὲξελάλησε.
567 1407 718 1459 Reponi
745 1407 863 1457 igitur
890 1407 1007 1446 velim
1033 1405 1098 1457 τὴν
1124 1405 1240 1458 φορὰν
1260 1406 1518 1450 ἆντωθοῢντος.

122 1473 370 1525 Adjectivum
398 1469 539 1525 ἄτριβος
568 1472 711 1524 quippe
747 1472 853 1522 quod
880 1485 905 1511 a
931 1472 1050 1511 verbo
1078 1472 1187 1524 τρίβω
1216 1472 1364 1511 dictum
1391 1472 1442 1511 sit
1470 1471 1519 1512 de

123 1539 198 1578 alio
226 1539 382 1578 homine
409 1538 501 1589 poni
529 1550 606 1576 non
642 1541 774 1589 potest
799 1537 875 1576 nisi
913 1537 963 1576 de
990 1550 1036 1586 eo
1065 1538 1131 1587 qui
1168 1537 1208 1577 in
1236 1538 1368 1588 aliqua
1395 1550 1438 1577 re
1465 1537 1520 1577 in·

122 1604 356 1643 exercitatus
385 1607 455 1642 est.
494 1602 631 1652 Neque
649 1614 741 1641 vero
763 1602 868 1641 credi
887 1602 979 1641 licet
996 1602 1199 1642 Philonem
1217 1602 1307 1642 huic
1325 1603 1518 1642 vocabulo

122 1668 354 1707 contrariam
373 1667 589 1717 subjecisse
608 1667 840 1706 sententiam
859 1671 903 1705 ut
921 1667 1141 1706 hominibus
1160 1679 1233 1706 usu
1251 1667 1389 1718 peritis
1404 1667 1520 1717 signi-

121 1732 285 1772 ficandis
313 1732 486 1771 serviret.
543 1730 735 1777 Quocirca
763 1731 803 1769 in
831 1731 930 1770 libro
959 1731 1009 1770 de
1037 1731 1275 1781 agricultura
1300 1745 1338 1782 p.
1359 1733 1436 1771 325
1457 1732 1517 1771 ed.

120 1796 248 1846 Mang.
277 1809 354 1835 non
382 1795 639 1834 dubitandum
674 1799 734 1834 est
770 1795 906 1834 vitium
941 1795 1102 1834 subesse
1136 1795 1197 1834 his
1234 1795 1365 1835 verbis
1393 1796 1424 1833 εἰ
1451 1794 1519 1847 γὰρ

121 1860 169 1901 εἰς
208 1863 333 1897 τοῦτον
376 1858 556 1911 ἀφίξονται
593 1857 655 1896 τὸν
701 1857 823 1909 ἀγῶνα
868 1858 956 1910 πρὸς
1002 1857 1336 1910 ἐμπειροπολέμους
1384 1860 1521 1897 ἰδιῶται

120 1927 303 1972 παντελῶς
332 1923 532 1962 ἁλώσονται
561 1923 579 1961 ὁ
610 1921 675 1974 μὲν
704 1922 907 1974 ἀρχόμενος
936 1921 989 1961 ὅτι
1018 1920 1163 1975 ἄπειρος
1192 1923 1211 1961 ὁ
1241 1922 1281 1962 δὲ
1307 1922 1519 1975 προκόπτων

121 1986 173 2025 ὅτι
201 1987 343 2038 ἀτελὴς,
373 1988 392 2026 ὁ
422 1987 462 2025 δὲ
490 1986 626 2029 τέλειος
655 1986 708 2025 ὅτι
737 1983 998 2039 οὔπωέτριβος
1019 1986 1160 2038 ἀρετῆς.
1206 1988 1389 2027 Forsitan
1407 1989 1519 2027 Philo

120 2052 318 2104 scripserit
346 2050 445 2090 οὔπω
475 2050 635 2104 ἐντριβὴς
664 2050 804 2103 ἀρετῆς.
862 2052 941 2091 Sed
976 2052 1081 2102 quod
1116 2052 1320 2102 Mangeius
1358 2050 1519 2104 ἐντριβής

119 2129 188 2167 pro
218 2117 370 2156 duobus
397 2117 459 2156 his
485 2117 615 2156 verbis
644 2113 744 2154 οὔπω
774 2112 914 2167 ἄτριβος
943 2116 1059 2155 scribi
1085 2116 1169 2155 vult
1196 2116 1238 2155 id
1267 2117 1351 2156 sine
1380 2129 1518 2157 sensus

120 2180 350 2220 detrimento
385 2181 469 2221 fieri
506 2194 584 2220 non
620 2184 761 2232 potest.
817 2181 852 2219 A
886 2193 928 2220 re
964 2184 1098 2220 nostra
1134 2193 1213 2220 non
1248 2181 1417 2221 alienum
1445 2181 1519 2220 erit

119 2244 291 2284 Philonis
319 2246 447 2284 locum
475 2246 524 2284 de
554 2245 707 2295 frugum
736 2245 1005 2294 fructuumque
1023 2245 1295 2296 procreatione
1323 2245 1432 2284 adire
1451 2246 1518 2295 qui

120 2307 169 2347 de
196 2310 330 2349 mundi
358 2309 451 2361 opif.
480 2323 517 2361 p.
548 2311 571 2348 9
596 2309 656 2349 ed.
685 2309 813 2359 Mang.
842 2308 1026 2349 habetur:
1056 2307 1278 2347 ἂποτίκτεται
1307 2307 1371 2360 μὲν
1399 2307 1466 2360 γὰρ
1496 2308 1515 2347 ὁ

94 2371 253 2423 ·καρπὸς
287 2372 414 2415 ἐοικὼς
450 2371 597 2424 ἀμερέσι
633 2372 812 2424 ψήγμασιν
851 2371 918 2410 ὑπὸ
969 2372 1191 2425 βραχύτητος
1234 2372 1334 2424 μόλις
1376 2372 1518 2424 ὁρατοῖς

120 2448 154 2473 α.
185 2450 215 2476 ο.
247 2451 281 2476 α.
311 2452 342 2476 σ.
373 2452 410 2489 φ.
442 2452 476 2477 α.
505 2452 534 2476 τ.
566 2452 595 2475 ε.
625 2452 661 2476 π.
693 2451 726 2476 α.
783 2435 887 2475 Μετὰ
915 2436 956 2475 δὲ
987 2441 1099 2476 ταῦτα
1134 2435 1175 2475 ἐκ
1201 2441 1264 2475 τοῦ
1293 2438 1367 2475 κατ’
1397 2435 1517 2488 ὀλίγον

120 2495 161 2537 ἔκ
187 2515 226 2538 τε
252 2505 317 2552 τῆς
354 2500 664 2552 ἐποχετευομένης
700 2505 838 2553 τροφῆς
865 2499 889 2552 ἢ
921 2499 1021 2553 ἄρδει
1048 2501 1088 2539 τὸ
1119 2500 1264 2553 δένδρον
1297 2503 1355 2539 καὶ
1384 2500 1426 2540 ὲκ
1451 2506 1517 2553 τῆς

120 2560 307 2615 εὐκρασίας
334 2570 406 2604 τῶν
434 2564 646 2617 πνευμάτων
675 2562 699 2603 ἃ
726 2568 880 2618 ψυχραῖς
909 2564 985 2618 ἅμα
1012 2567 1071 2605 καὶ
1099 2564 1370 2618 μαλακωτέραις
1393 2563 1517 2618 αὔραις
