1732 2878
892 81 943 119 24

219 186 337 226 αὐτῶν
376 185 496 225 ὅντινα
533 185 576 225 ἂν
612 188 671 226 καὶ
700 185 808 238 μόνον
835 185 1074 240 προςέβλεψα.
1129 188 1192 227 Ex
1217 187 1474 227 recentiorum
1501 186 1620 238 igitur

218 253 450 305 scriptorum
477 264 550 292 usu
579 256 639 292 est
667 253 773 302 quod
801 252 908 304 apud
925 253 1128 292 Philonem
1156 253 1296 292 dicitur
1323 252 1363 291 in
1390 252 1456 291 lib.
1504 250 1619 298 Quod

218 317 315 356 deus
343 317 395 355 sit
422 317 568 355 immut.
600 318 677 356 292
705 317 755 356 M.
791 315 815 368 ἡ
846 316 886 354 δὲ
916 317 965 360 εἰς
993 314 1033 355 ἓν
1071 316 1167 360 εἶδος
1202 315 1332 355 λευκὸν
1362 317 1617 368 μεταβαλοῦσα

215 379 282 431 τὴν
318 379 485 419 ἀκούσιον
524 381 765 431 ὃιασυνίστησι
806 379 940 432 τροπὴν
977 380 1123 419 ἐπειδὰν
1156 379 1196 419 τὸ
1235 381 1441 431 λογίζεσθαι
1478 380 1497 418 ὁ
1535 384 1617 423 νοῦς

219 444 412 496 ὲκτμηθεὶς
442 443 527 483 ὅλον
557 445 599 483 δι’
632 443 727 483 ὅλων
757 461 794 495 μ.
821 460 850 485 τ.
879 459 908 485 ε.
938 460 967 486 τ.
989 461 1021 485 σ.
1043 461 1075 485 σ.
1097 461 1128 485 υ.
1159 443 1276 497 ὥςπερ
1306 444 1324 483 ὁ
1355 443 1393 483 ὲν
1421 442 1531 496 ἀχλόῖ
1557 445 1618 483 καὶ

217 508 334 562 σκότῳ
364 511 474 562 βαθεῖ
499 508 613 560 μηδὲν
642 509 711 561 ὁρᾷ
738 513 809 547 τῶν
837 509 1024 561 πρακτέων
1053 509 1131 548 ἀλλ’
1155 511 1214 547 οἷα
1231 508 1365 561 τυφλὸς
1383 506 1618 560 ἀπροοράτως

216 578 321 612 πᾶσιν
358 573 540 625 ἐμπίπτων
578 577 739 624 συνεχεῖς
776 572 945 616 ὀλίσθους
982 575 1041 612 καὶ
1079 572 1296 625 ὲκπτώματα
1332 572 1523 624 ἐπάλληλα
1558 574 1618 611 καὶ

218 637 372 677 ἀκούσια
400 636 588 688 ὑπομένει.·
626 639 773 677 Similis
801 642 862 677 est
888 639 997 677 locus
1025 639 1092 687 qui
1120 639 1160 676 in
1186 638 1253 676 lib.
1274 638 1323 676 de
1341 641 1485 689 poster.
1506 637 1618 676 Caini

218 717 255 755 p.
286 700 361 743 229
390 702 551 753 legitur:
590 699 675 740 ὅταν
714 697 775 739 οὖν
812 700 984 753 φιλόθεος
1020 698 1119 754 ψυχὴ
1158 699 1198 739 τὸ
1227 702 1260 739 τί
1289 699 1362 739 ἑστι
1389 698 1429 738 τὸ
1460 698 1499 739 ὂν
1527 698 1618 739 κατὰ

216 766 282 817 τὴν
312 765 435 804 οὐσίαν
465 769 568 816 ζητεῖ
594 767 643 808 εἰς
680 764 785 816 ἀειδῆ
814 767 873 804 καὶ
901 765 1055 817 ἀόρατον
1084 762 1231 817 ἔρχεται
1259 764 1414 816 ζήτησιν.
1471 765 1617 804 Aoristi

218 831 455 870 indicativus
484 833 684 882 comparet
711 830 751 869 in
779 830 844 870 lib.
875 830 924 870 de
948 831 1137 871 ebrietate
1164 844 1202 883 p.
1223 832 1300 871 372
1329 830 1368 870 in
1387 829 1448 870 his
1467 829 1616 870 verbis:

218 895 288 939 ἕως
327 895 391 947 μὲν
428 893 496 947 γὰρ
535 894 601 933 οὐκ
639 893 818 933 ἐκινοῦντο
856 896 914 933 καὶ
950 893 1191 947 ἐκεκράγεσαν
1227 894 1265 934 ὲν
1297 895 1383 947 ἡμῖν
1420 896 1456 933 αἱ
1491 891 1617 945 ἄλογοι
1667 903 1670 907 ’

219 961 328 1012 ὁρμαὶ
357 962 625 1011 σταθερώτερον
655 959 673 997 ὁ
704 964 786 1002 νοῦς
815 959 933 1011 ἵδρυτο
952 972 960 981 ·
991 959 1135 999 ἐπειδὰν
1164 959 1204 999 δὲ
1231 957 1383 1012 ἤρξαντο
1402 958 1617 1012 πολύφωνον

217 1027 277 1064 καὶ
304 1024 492 1076 πολιὶηχον
521 1023 786 1075 ἀπεργάζεσθαι
813 1023 852 1062 τὸ
882 1029 1002 1077 ψυχῆς
1029 1026 1163 1075 χωρίον
1190 1025 1234 1063 τὰ
1253 1025 1355 1075 πάθη
1376 1027 1619 1074 συγκαλοῦσαι

217 1092 276 1127 καὶ
306 1089 553 1140 ἀνεγείρουσαι
581 1088 699 1126 στάσιν
729 1087 903 1140 ἐμφύλιον
924 1088 1145 1145 ἐγέννησαν..
1171 1089 1285 1129 Adde
1305 1089 1525 1141 exemplum
1554 1086 1616 1127 ἐάν

217 1154 433 1206 particulae
463 1166 548 1193 cum
584 1153 749 1205 perfecti
784 1153 997 1194 indicativo
1027 1158 1271 1194 constructae
1300 1167 1349 1193 ex
1376 1154 1475 1193 libro
1504 1153 1618 1200 Quod

218 1219 315 1257 deus
344 1219 395 1257 sit
423 1219 569 1256 immut.
599 1231 636 1269 p.
659 1220 735 1257 293
755 1219 805 1257 Μ.
835 1218 930 1255 ταῦτ’
960 1213 1021 1256 οὖν
1050 1216 1189 1256 ἅπαντα
1212 1217 1231 1255 ὁ
1254 1219 1445 1268 ἱερώμενος
1465 1214 1618 1269 ἔλεγχος

219 1281 344 1333 μιάνας
374 1281 691 1333 ἀποσκευασῦἥναι
726 1283 785 1320 καὶ
814 1281 1090 1333 ἀποσυληῦἥναι
1117 1281 1258 1321 κελεύει
1286 1281 1384 1325 ὅπως
1413 1281 1524 1333 αὐτῆν
1552 1297 1618 1320 κα·-

216 1345 333 1398 θαρὰν
362 1346 420 1396 ἴδῃ
449 1345 515 1396 τὴν
542 1350 606 1396 τῆς
643 1350 763 1398 ψυχῆς
798 1347 910 1385 οἰκίαν
946 1348 1004 1385 καὶ
1042 1345 1103 1385 ἐάν
1131 1361 1220 1390 τινες
1248 1345 1286 1385 ἐν
1315 1345 1405 1398 αὐτῆ
1434 1344 1531 1385 νόσοι
1557 1360 1618 1397 γε·

214 1409 356 1462 γόνασιν
386 1409 538 1462 ἰάσηται.

296 1477 386 1515 Jam
414 1475 694 1515 transeundum
722 1476 835 1515 nobis
864 1480 923 1514 cst
951 1476 1003 1515 ad
1031 1476 1258 1526 particulas.
1304 1476 1618 1527 Praepositiones

216 1541 335 1591 igitur
352 1540 463 1579 Philo
494 1539 632 1579 eodem
662 1539 743 1579 fere
771 1552 889 1579 sensu
916 1541 1078 1592 protulit
1105 1541 1241 1592 quoin
1261 1541 1421 1592 antiquo
1441 1553 1618 1582 sermone

216 1605 382 1644 adhibiti
410 1606 669 1644 inveniuntur.
726 1605 972 1656 Quapropter
1000 1606 1266 1657 disputatione
1294 1606 1344 1645 de
1372 1604 1429 1643 ἐπὶ
1456 1610 1495 1645 et
1522 1604 1619 1657 παρά

214 1667 571 1721 praepositionibus
591 1669 838 1720 supersederi
857 1682 1060 1721 possemus
1080 1670 1156 1709 nisi
1176 1671 1216 1709 in
1234 1682 1352 1709 unum
1371 1674 1439 1710 aut
1454 1670 1618 1710 alterum

215 1735 343 1773 locum
371 1734 546 1773 Philonis
576 1735 767 1773 editorum
806 1738 975 1772 erratum
1010 1735 1224 1774 incidisset.
1281 1735 1346 1773 Sic
1374 1735 1413 1773 in
1441 1735 1539 1773 libro
1569 1734 1619 1774 de

215 1799 438 1850 septenario
468 1802 560 1837 tom.
590 1799 641 1848 ΙΙ,
670 1811 708 1849 p.
738 1800 815 1837 286
854 1798 972 1848 vulgo
1008 1802 1114 1838 recte
1141 1798 1324 1848 leguntur
1352 1798 1450 1838 haec
1476 1799 1617 1838 verba:

214 1863 254 1901 τὸ
283 1862 350 1914 γὰρ
381 1862 494 1914 μηδὲν
524 1859 614 1912 ἄγαν
643 1861 700 1900 ἐπὶ
729 1858 869 1900 πάντων
899 1864 957 1900 καὶ
986 1862 1139 1914 μάλιστα
1165 1862 1254 1915 πρὸς
1275 1861 1413 1906 οἰκέτας
1434 1865 1616 1902 δεσποτῶν

216 1941 291 1979 quo
321 1929 360 1967 in
388 1929 475 1968 loco
506 1928 785 1968 Constantinus
813 1928 1165 1968 Tischcndorf
1187 1942 1257 1981 pro
1285 1929 1415 1969 verbis
1444 1927 1502 1967 ἐπὶ
1529 1927 1618 1967 πάν-

214 2008 284 2030 των
313 1994 469 2044 scripsit
496 2006 543 2032 cx
565 1996 792 2044 conjectura
821 1991 893 2030 ἐστὶ
920 1991 1071 2032 πάντων.
1116 1993 1226 2039 Quae
1246 1993 1466 2033 emendatio
1486 1994 1617 2034 nescio

214 2070 265 2097 an
294 2058 401 2097 nulla
429 2058 491 2096 sit.
548 2057 649 2097 Nam
690 2058 722 2096 si
760 2061 803 2096 ut
838 2070 910 2108 par
946 2061 1006 2096 est
1042 2055 1101 2094 ἐπί
1135 2058 1465 2108 praepositionem
1501 2071 1618 2108 quam

214 2122 384 2172 optimus
413 2121 537 2160 codex
566 2122 853 2160 Laurentianus
891 2121 1050 2160 exhibet
1083 2122 1335 2160 retinebimus
1367 2121 1468 2160 hanc
1495 2122 1619 2161 lucra-

212 2186 340 2223 bimur
368 2185 600 2223 sententiam
630 2185 1003 2224 commodissimam:
1042 2185 1144 2224 Illud
1173 2185 1276 2235 quod
1305 2186 1345 2224 in
1372 2186 1619 2237 proverbium

214 2250 333 2290 cessit
374 2249 493 2288 »nihil
521 2249 659 2289 nimis«
700 2262 818 2299 quum
847 2250 896 2289 de
926 2250 1075 2289 cunctis
1104 2250 1334 2289 mortalibus
1363 2254 1446 2289 tum
1474 2250 1524 2290 de
1552 2251 1618 2290 do-

214 2315 327 2353 minis
366 2314 509 2353 dicitur
544 2314 748 2365 imperium
785 2314 823 2352 in
862 2314 1033 2353 familias
1062 2326 1154 2353 suas
1182 2315 1416 2354 tenentibus.
1472 2315 1551 2354 Sed
1578 2315 1618 2354 in

213 2379 279 2417 lib.
310 2379 359 2417 de
387 2382 532 2429 poster.
573 2378 684 2416 Caini
703 2392 741 2429 p.
763 2380 838 2418 235
859 2379 909 2417 Μ.
939 2378 1005 2417 ubi
1033 2378 1093 2417 vir
1121 2378 1186 2418 ille
1215 2379 1396 2429 egregius
1416 2391 1465 2418 ex
1485 2379 1619 2419 codice

211 2443 404 2482 Vaticano
435 2443 560 2481 edidit
593 2440 633 2479 τὸ
664 2440 729 2492 μὲν
758 2441 825 2493 γὰρ
855 2441 896 2480 οὐ
925 2441 1125 2493 παράδοξον
1155 2441 1265 2493 μόνον
1294 2440 1389 2480 ἀλλὰ
1417 2444 1476 2480 καὶ
1503 2442 1619 2494 παρά-

212 2509 319 2556 λογον
348 2507 451 2544 παντί
478 2521 529 2557 τῳ
559 2508 670 2556 δῆλον
700 2504 764 2544 ἕνα
793 2503 905 2557 ἄνδρα
932 2505 1035 2545 πόλιν
1065 2507 1268 2557 οἰκοδομεῖν
1286 2506 1363 2545 τίνα
1392 2505 1449 2545 ἐπὶ
1467 2504 1617 2558 τρόπον;

212 2570 291 2609 ἀλλ’
324 2570 411 2609 οὐδ”
430 2569 472 2608 ἂν
502 2571 614 2613 οἰκίας
644 2568 752 2621 μέρος
788 2569 828 2608 τὸ
859 2569 1104 2621 ἀφανέστατον
1134 2569 1183 2621 μὴ
1213 2573 1400 2621 χρώμενον
1430 2570 1620 2622 ὑπηρέταις
