1732 2878
853 55 877 93 6

156 175 195 214 p.
226 160 303 202 555
331 161 589 214 philosophus
616 164 749 201 noster
776 161 964 214 temporis
992 161 1130 202 aoristi
1156 161 1323 201 formam
1342 157 1458 213 ἔζησα
1476 162 1569 203 civi·-

157 231 240 266 tate
276 227 451 278 donavit,
487 229 600 277 cujus
637 227 678 265 in
716 227 845 266 locum
882 231 1036 266 veteres
1072 226 1194 266 Attici
1230 223 1366 278 ἐβίωσα
1393 231 1433 267 61
1462 224 1568 279 ὲβίων

158 292 479 342 subrogaverant.
526 292 573 330 In
600 292 699 331 libro
729 291 779 331 de
807 291 1048 342 agricultura
1076 291 1129 330 ad
1158 295 1374 331 extremum
1401 291 1569 332 occurrit

156 356 267 395 verbi
296 354 477 394 ὀλισθάνω
505 356 756 408 participium
776 355 913 395 aoristi
940 355 1055 407 primi
1085 352 1318 406 ὀλισθήσαντι
1345 367 1424 406 qua
1442 356 1569 397 forma

157 425 310 461 veteres
338 421 459 460 Attici
487 421 772 460 abstinuerunt.
828 420 911 460 Nec
940 420 1043 460 enim
1070 433 1159 460 raro
1187 421 1447 460 recentiorum
1475 424 1568 461 tem-

156 498 294 538 porum
323 485 534 537 scriptores
562 485 730 536 primum
758 485 947 524 aoristum
983 497 1054 536 pro
1090 485 1274 535 secundo,
1311 496 1387 535 quo
1415 488 1569 525 veteres

156 550 277 590 Attici
307 550 391 590 solo
419 550 481 589 usi
511 553 623 600 sunt,
653 549 922 600 asciscebant,
950 549 1147 589 nonnullis
1175 549 1216 588 in
1249 549 1380 589 verbis
1402 552 1489 601 jam
1517 550 1568 589 ab

156 615 398 666 Hippocrate
427 619 466 654 61
494 615 584 654 31118
612 614 761 654 ,Ionicis
791 614 1045 666 scriptoribus
1065 618 1309 666 occupatum.
1356 615 1417 654 De
1444 615 1567 666 plant.

155 680 241 721 Noe
269 693 307 732 p.
338 681 414 719 332
445 678 570 719 edidit
588 679 793 730 Mangeius
813 691 863 719 ex
890 679 1062 719 Eusebio
1084 677 1260 730 ὁμοίωσεν
1288 679 1338 719 de
1357 683 1567 730 augmento

156 745 263 794 quod
292 745 494 784 desideres
524 756 696 784 securus.
744 744 1002 784 Alexandrini
1021 744 1124 783 enim
1142 745 1329 783 librorum
1348 744 1568 784 divinorum

155 809 390 860 interpretes
404 809 600 848 interdum
619 813 872 858 augmentum
892 809 1117 859 omiserunt,
1136 812 1180 847 ut
1199 809 1389 860 exemplis
1412 809 1568 848 demon-

157 873 298 913 stravit
326 873 451 913 Sturz.
482 873 532 912 de
561 873 653 912 dial.
683 873 796 912 Alex.
827 875 850 922 §3
883 875 930 912 10
959 887 997 925 p.
1021 874 1109 913 124.
1166 873 1245 913 Sed
1264 873 1371 925 apud
1392 876 1567 913 nostrum

156 938 385 988 scriptorem
414 937 563 976 nullum
592 937 701 975 aliud
728 937 845 987 huJus
873 938 1138 987 negligentiae
1174 938 1394 988 exemplum
1435 937 1570 988 depre-

156 1001 351 1052 henditur,
380 1014 457 1051 quo
486 1001 560 1040 hoc
589 1001 810 1040 confirmari
837 1001 974 1053 possit.
1021 1001 1149 1052 Magis
1176 1001 1295 1052 igitur
1321 1001 1567 1053 probandum

155 1067 324 1117 videtur,
353 1066 458 1116 quod
477 1067 518 1105 in
538 1066 674 1106 codice
693 1066 740 1105 A.
760 1066 925 1105 habetur
954 1064 1088 1116 ὁμοίως
1109 1064 1309 1117 ὠνόμασεν.
1364 1067 1569 1118 Temporis

154 1131 319 1183 perfecti
359 1130 486 1170 forma
523 1130 619 1173 οἶδας
656 1142 759 1180 quae
796 1144 821 1169 a
855 1131 1123 1181 grammaticis
1160 1131 1302 1170 Atticis
1340 1131 1568 1170 nominatim

157 1196 350 1246 tribuitur,
380 1196 500 1235 etiam
528 1195 636 1247 apud
663 1195 867 1234 Philonem
895 1196 1038 1246 legitur
1066 1195 1115 1235 de
1135 1196 1246 1246 migr.
1266 1196 1411 1235 Abrah.
1431 1210 1468 1247 p.
1489 1198 1567 1236 438

156 1261 217 1301 ed.
255 1262 386 1311 Mang.
424 1272 540 1310 quem
574 1260 704 1299 locum
750 1260 923 1299 Lobcck.
961 1260 1013 1299 ad
1052 1261 1315 1311 Phrynichum
1342 1274 1381 1312 p.
1410 1263 1488 1300 236
1518 1261 1569 1300 ci-

158 1326 269 1365 tavit.
316 1326 378 1364 Ex
399 1325 538 1364 eadem
566 1324 754 1374 loquendi
782 1325 933 1364 ratione
962 1329 1022 1364 est
1040 1325 1204 1377 pluralis
1226 1326 1377 1365 numeri
1395 1325 1570 1365 secunda

155 1401 327 1442 persona
365 1383 485 1426 οἴδατε
522 1401 624 1439 quae
664 1389 704 1427 in
739 1389 915 1428 Philonis
951 1389 1050 1428 libro
1080 1389 1129 1428 de
1158 1390 1380 1441 septenario
1409 1403 1447 1441 p.
1477 1392 1567 1441 287,

157 1458 250 1493 tom.
287 1455 338 1492 II.
385 1453 447 1493 ed.
485 1454 614 1503 Mang.
662 1457 804 1492 exstat.
849 1454 1060 1493 Praeterea
1104 1454 1207 1493 aliae
1254 1453 1403 1494 formae
1440 1455 1568 1505 singu-

155 1520 260 1558 lares
285 1532 307 1558 e
330 1518 505 1557 Philonis
538 1518 694 1569 scriptis
717 1519 875 1570 excerpi
894 1522 1088 1570 poterunt,
1119 1519 1189 1558 sed
1207 1519 1316 1558 nulla
1333 1519 1449 1559 facile
1468 1532 1569 1570 quae

156 1584 379 1623 barbariem
407 1583 596 1622 redoleat.
653 1583 764 1622 Idem
793 1583 842 1622 de
878 1584 1086 1622 verborum
1122 1596 1196 1622 usu
1231 1583 1419 1623 Philoneo
1449 1585 1568 1623 statui

156 1649 260 1688 licet.
316 1648 436 1688 Nulla
465 1648 567 1686 enim
595 1660 693 1686 voce
729 1651 810 1686 tam
846 1648 1059 1687 insolenter
1095 1660 1189 1687 usus
1226 1652 1286 1687 cst
1322 1652 1365 1686 ut
1393 1649 1568 1689 Graecae

157 1714 318 1762 linguae
346 1716 528 1751 naturam
557 1712 674 1763 plane
702 1712 932 1762 negligeret.
989 1712 1068 1751 Sed
1087 1716 1131 1751 ut
1157 1725 1292 1752 verum
1319 1725 1391 1752 nos
1420 1713 1568 1753 dixisse

157 1781 351 1828 appareat
379 1777 536 1826 singula
564 1780 787 1815 tractemus.

237 1842 408 1880 Verbum
437 1838 559 1891 ἀνέχω
587 1840 843 1892 philosophus
879 1844 1012 1880 noster
1039 1840 1207 1880 neutrali
1235 1853 1352 1880 sensu
1379 1854 1568 1893 usurpare

157 1910 264 1945 amat
293 1906 342 1945 de
369 1906 419 1944 iis
448 1905 514 1955 qui
534 1918 559 1944 a
577 1905 694 1944 turba
712 1905 958 1955 negotiorum
987 1917 1029 1944 se
1049 1904 1274 1956 expediunt,
1302 1909 1346 1944 ut
1365 1906 1413 1945 de
1433 1906 1568 1945 mundi

156 1970 250 2021 opis.
277 1983 314 2020 p.
345 1972 395 2008 30
433 1970 526 2009 edit.
553 1970 684 2019 Mang.
716 1968 940 2019 ἑκτετίμηται
970 1966 1010 2006 δὲ
1044 1967 1112 2006 ὑπὸ
1136 1973 1199 2006 τοῦ
1233 1968 1426 2020 φιλαρέτου
1454 1970 1568 2008 Μωυ-

157 2034 249 2076 σέως
278 2031 317 2075 ὃς
344 2032 383 2071 τὸ
413 2032 547 2075 κάλλος
578 2032 689 2083 αὐτῆς
724 2032 924 2085 ἀνέγραψεν
947 2031 992 2070 ’ὲν
1025 2036 1101 2075 ταῖς
1131 2032 1335 2084 ἱερωτάταις
1362 2037 1425 2071 τοῦ
1454 2032 1567 2085 νόμου

156 2096 314 2148 στήλαις,
345 2101 420 2139 ταῖς
450 2097 490 2135 δὲ
521 2097 691 2140 διανοίαις
710 2101 783 2135 τῶν
813 2096 872 2148 ὑφ’
897 2096 1004 2135 αὑτὸν
1034 2094 1200 2134 ἁπάντων
1230 2096 1428 2149 ἐνεχάραξε
1457 2098 1499 2136 δι’
1530 2094 1567 2141 ἓξ

155 2162 304 2214 ἡμερῶν
334 2160 508 2205 κελεύσας
537 2158 636 2212 ἄγειν
676 2161 774 2213 ἱερὰν
811 2160 972 2214 ἑβδόμην
1011 2160 1082 2199 ἀπὸ
1121 2166 1193 2200 τῶν
1223 2158 1344 2200 ἄλλων
1373 2160 1568 2214 ἀνέχοντας

154 2225 271 2277 ἔργων
301 2225 370 2264 ὅσα
397 2225 488 2264 κατὰ
518 2224 664 2277 ζήτησιν
694 2227 773 2278 βίου
803 2228 862 2264 καὶ
890 2225 1066 2277 πορισμόν
1095 2229 1169 2265 κτλ.
1207 2239 1308 2276 quae
1336 2228 1568 2279 metaphora

156 2295 314 2343 sumpta
351 2303 438 2330 esse
474 2290 631 2330 videtur
668 2303 689 2330 6
727 2291 934 2342 Sophoclis
971 2290 1068 2330 Oed.
1107 2295 1180 2341 tyr.
1217 2303 1332 2330 versu
1355 2293 1445 2334 „173
1483 2304 1566 2344 sqq.

1114 2369 1195 2392 Ουτε
1223 2370 1375 2393 τοκθῑσῑν

415 2418 517 2469 ἰηίων
546 2417 717 2469 καμάτων
747 2417 918 2470 ἂνέχῡυσῑ
946 2422 1122 2468 γυναῖκες.

236 2484 391 2522 Ρ11110111
421 2487 553 2522 31116111
582 2484 655 2522 1106
682 2484 844 2522 verbum
872 2484 928 2522 ita
965 2484 1096 2523 arrisit
1130 2488 1172 2523 ut
1208 2485 1356 2523 nullam
1386 2487 1472 2535 ejus
1501 2485 1568 2524 ad-

154 2548 315 2588 hibendi
357 2548 604 2588 occasionem
653 2549 991 2610 praetermitteret.
1065 2549 1127 2588 Ita
1176 2548 1218 2588 id
1260 2548 1309 2588 de
1346 2549 1567 2601 septenario

1724 2164 1732 2238 Ξ

1726 2235 1732 2287 1

1724 2291 1732 2371 Ξ
