1732 2878
876 53 927 93 26

203 160 456 201 Scholasticis
485 173 520 200 a.
553 163 655 201 1832
684 174 734 200 m.
758 162 847 202 Jun.
876 162 1105 201 adnotatum
1135 165 1206 200 est.
1249 161 1379 213 Saepe
1406 159 1509 201 enim
1535 161 1603 203 ubi

201 225 352 276 antiqui
387 225 597 278 scriptores
633 223 675 264 οὐ
713 226 898 266 dicebant
924 225 1162 266 recentiores
1190 223 1241 276 μή
1268 237 1415 278 ponere
1443 237 1601 267 consue-

199 294 351 330 verunt.
407 289 531 336 Quem
559 291 745 341 loquendi
779 291 937 330 modum
965 303 1082 341 quum
1111 291 1309 342 explicare
1336 303 1413 329 non
1440 296 1602 342 possent

200 354 293 393 olim
321 354 394 393 viri
423 354 528 394 docti
549 355 598 395 de
616 355 754 394 harum
772 355 1052 406 particularum
1071 354 1300 397 confusione
1319 355 1600 404 cogitaverunt.

201 418 281 458 Sed
308 431 431 470 nuper
458 432 574 469 quem
601 420 717 459 modo
748 419 917 459 diximus
938 419 1186 459 Godofredus
1205 419 1450 458 Hermannus
1470 419 1601 459 attulit

199 482 224 521 l.
254 483 279 521 l.
308 483 472 523 idoneas
500 483 616 534 hujus
644 484 701 523 rei
728 484 912 523 rationes.
956 484 1012 523 Ac
1039 483 1166 535 prima
1194 482 1351 533 quidem
1378 483 1419 522 in
1441 477 1601 534 propria

198 551 396 598 potestate
422 548 642 599 particulae
671 546 721 599 μή
749 549 880 600 posita
909 552 969 588 est
996 560 1113 599 quam
1140 552 1245 588 recte
1270 548 1327 587 ita
1346 547 1532 587 describit
1557 551 1603 596 ut,

200 624 278 662 qua
314 612 363 652 de
398 625 441 652 re
469 612 547 652 ista
574 613 769 664 particula
795 617 1003 666 usurpetur
1031 625 1079 653 ea
1108 617 1308 663 tamquam
1336 612 1509 663 cogitata
1535 624 1600 652 ne-

198 680 322 726 getur.
369 678 409 716 Is
438 678 540 716 enim
568 689 662 717 usus
690 678 809 718 latius
836 679 877 717 in
907 678 1085 718 citeriore
1112 677 1337 717 Graecitate
1364 680 1486 728 patet.
1533 677 1599 716 Sic

197 741 238 780 in
275 741 494 791 antiquiore
530 754 708 782 sermone
745 755 831 782 cum
867 742 1086 795 participiis
1122 739 1172 792 μή
1209 754 1289 781 non
1316 740 1398 781 fere
1420 740 1600 791 jungitur

197 805 275 844 nisi
302 806 405 844 inest
432 806 566 855 aliqua
594 806 785 856 condicio,
823 806 930 857 apud
966 806 1202 845 recentiores
1231 809 1362 844 autem
1389 805 1599 855 scriptores

199 869 318 908 etiam
345 870 412 908 ubi
440 869 539 909 haec
567 869 803 920 significatio
832 871 945 910 abest
974 869 1193 919 adhibetur,
1222 868 1343 908 veluti
1367 867 1598 907 Plutarchus

200 933 240 971 in
259 933 388 983 Agide
417 946 449 973 c.
470 935 495 973 4
525 934 681 985 scripsit
703 932 750 972 ‘O
779 934 809 972 δ’
830 929 938 984 ’Λγις
967 931 1060 971 οὕτω
1088 931 1181 971 πολὺ
1201 931 1449 983 παρήλλαττεν
1469 929 1599 983 εὐφυίᾳ

197 997 257 1034 καὶ
292 997 494 1048 φρονήματι
530 1001 650 1049 ψυχῆς
688 996 729 1036 οὐ
764 997 873 1049 μόνον
900 1001 1025 1036 τοῦτον
1054 995 1149 1035 ἀλλὰ
1177 994 1307 1048 σχεδὸν
1336 993 1493 1038 ἅπαντας
1521 993 1598 1034 ὅσοι

199 1062 274 1110 μετ’
298 1059 521 1111 Ἀγησίλαον
557 1060 618 1099 τὸν
657 1060 768 1112 μέγαν
802 1061 1037 1114 ἐβασίλευσαν
1066 1060 1154 1104 ὥςτε
1184 1060 1336 1111 μηδέπω
1365 1063 1522 1111 γεγονὼς
1550 1060 1614 1098 εἰ-.

197 1123 324 1162 κοστὸν
363 1122 442 1168 ἔτος
479 1124 767 1177 ἐντεθραμμένος
803 1127 843 1164 δὲ
872 1126 1038 1168 πλούτοις
1065 1127 1124 1163 καὶ
1151 1129 1299 1177 τροφαῖς
1326 1128 1502 1175 γυναικῶν
1533 1128 1605 1175 τῆς

195 1201 234 1225 τε
263 1187 395 1239 μητρὸς
419 1188 702 1240 Ἀγησιστράτας
740 1192 799 1227 καὶ
833 1193 897 1240 τῆς
934 1189 1082 1241 μάμμης
1105 1189 1346 1240 Ἀρχιδαμίας
1384 1189 1422 1226 αἳ
1448 1190 1598 1226 πλεῖστα

195 1251 365 1302 χρήματα
393 1254 685 1304 Λακεδαιμονίων
724 1253 915 1305 ἐκέκτηντο
944 1252 1032 1305 πρός
1059 1269 1098 1292 τε
1126 1252 1189 1297 τὰς
1217 1252 1349 1304 ἡδονὰς
1377 1252 1487 1295 εὐθυς
1515 1251 1596 1290 ἀπι-

196 1317 434 1368 σχυρίσασθαι
470 1320 559 1366 κτλ.,
596 1331 672 1369 quo
708 1320 794 1359 loco
829 1320 890 1359 vir
928 1330 1100 1359 summus
1128 1318 1258 1368 Georg
1284 1318 1391 1357 Frid.
1421 1317 1596 1357 Schoe-

194 1394 331 1421 mann
360 1382 533 1422 offensus
562 1388 632 1423 est.
676 1384 755 1423 Sed
784 1384 914 1422 omnia
941 1387 984 1422 ut
1011 1383 1238 1434 posterioris
1257 1382 1457 1433 scriptoris
1475 1381 1596 1421 verba

194 1450 300 1485 recte
341 1459 384 1485 se
424 1447 581 1486 habent.
637 1448 792 1487 Etenim
834 1448 926 1487 licet
963 1460 1036 1487 nec
1078 1447 1235 1497 negatio
1275 1446 1328 1485 ad
1363 1446 1596 1485 infinitivum

195 1508 499 1561 ἀπισχυρίσασθαι
524 1512 719 1562 pertineat
747 1516 786 1551 et
813 1512 855 1551 id
883 1512 988 1562 quod
1014 1512 1145 1551 verbis
1182 1509 1332 1561 μηδέπω
1366 1514 1521 1560 γεγονὼς
1549 1512 1596 1548 εἰ-

194 1573 320 1612 κοστὸν
349 1572 428 1617 ἔτος
462 1576 691 1627 exprimitur
718 1576 757 1614 in
787 1576 892 1615 facto
921 1576 1091 1627 positum
1120 1576 1182 1625 sit,
1220 1579 1350 1614 tamen
1378 1579 1421 1614 ut
1449 1575 1594 1625 cogita-

193 1643 275 1677 tum
320 1643 655 1678 commemoratur.
718 1640 804 1678 Huc
839 1652 957 1678 unum
1003 1641 1216 1679 alterumve
1258 1639 1386 1678 locum
1420 1639 1595 1678 Philonis

192 1704 459 1742 revocaverim
502 1708 546 1742 ut
589 1704 638 1743 de
675 1708 823 1755 septen.
860 1717 898 1755 p.
929 1706 1005 1744 280
1034 1704 1084 1743 Μ.
1127 1701 1273 1745 εἰκότως
1320 1701 1526 1754 ἐθαύμαζεν
1563 1704 1595 1741 εἰ

193 1763 342 1804 δυ’ναταί
368 1782 417 1809 τις
447 1766 484 1805 ἐν
512 1767 673 1818 τοσούτῳ
701 1766 850 1817 πελάγει
878 1766 1096 1818 πραγμάτων
1125 1782 1155 1807 ε.
1183 1782 1212 1807 τ.
1243 1783 1276 1808 κ.
1306 1782 1339 1807 α.
1371 1767 1594 1818 φορούμενος

192 1832 251 1868 καὶ
280 1830 453 1881 μηδέποτ’
483 1830 667 1883 ἠρεμῆσαι
704 1830 778 1874 οἷός
811 1846 849 1868 τε
879 1830 929 1869 ὢν
958 1831 1041 1882 μηδ’
1073 1830 1245 1883 ἀκινδύνῳ
1275 1833 1340 1884 βίῳ
1370 1833 1445 1882 μετ’
1476 1831 1593 1883 ἀσφα-

193 1896 289 1937 λείας
327 1895 583 1946 ἐνορμίσασθαι
619 1895 684 1946 τήν
723 1895 771 1946 μὴ
811 1895 1010 1946 λεγομένην
1041 1894 1136 1934 ἀλλὰ
1163 1895 1251 1947 πρὸς
1280 1894 1454 1945 ἀλήθειαν
1484 1891 1593 1933 οὖσαν

193 1956 303 2001 ὅντως
343 1956 441 2009 ἄγειν
482 1958 609 2010 ἑορτήν
649 1961 788 2010 quibus
830 1960 960 1999 verbis
1002 1960 1124 1999 divini
1162 1960 1378 2011 prophetae
1420 1960 1593 2010 cogitata

191 2023 482 2063 adumbrantur.
522 2025 611 2064 Jam
639 2037 732 2064 vcro
762 2026 878 2075 longe
896 2025 1075 2076 plurimis
1096 2025 1194 2064 locis
1213 2025 1269 2063 ita
1289 2024 1591 2064 succurrendum

191 2092 333 2137 estut
371 2101 503 2127 eorum
546 2094 727 2128 auctores
768 2102 838 2141 per
877 2088 926 2139 μή
965 2089 1198 2141 particulam
1238 2088 1387 2138 aliquid
1426 2088 1592 2138 cogitari

188 2157 346 2192 vetasse
383 2157 612 2193 statuamus.
669 2155 887 2204 Tamquam
922 2152 1099 2204 magistri
1136 2154 1238 2192 enim
1266 2153 1473 2204 provident
1501 2152 1591 2192 scri-

189 2222 321 2267 ptores
350 2218 537 2256 lectorum
557 2218 696 2257 animis
716 2231 765 2257 ne
785 2218 908 2257 falsas
928 2218 1131 2269 opiniones
1152 2217 1374 2268 concipiant
1393 2220 1589 2256 accurate-

189 2293 263 2330 que
299 2281 476 2320 indicant
511 2282 605 2331 quid
642 2282 858 2322 cavendum
893 2282 944 2321 sit
979 2294 1029 2320 ne
1064 2282 1104 2319 in
1138 2281 1374 2331 cogitatione
1402 2285 1589 2321 versetur.

188 2345 323 2384 Omnis
369 2349 500 2384 autem
536 2346 750 2385 admonitio
795 2346 884 2397 plus
921 2346 1047 2384 minus
1083 2345 1267 2396 ponderis
1304 2345 1434 2384 habet.
1490 2344 1590 2384 Hinc

186 2410 305 2460 igitur
333 2410 480 2450 sactum
509 2414 569 2450 est
597 2414 639 2449 ut
668 2408 717 2460 μή
746 2410 939 2461 particula
972 2410 1022 2449 ab
1050 2410 1273 2449 Hermanno
1302 2410 1468 2460 aliisque
1495 2409 1589 2449 viris

186 2475 452 2523 grammaticis
492 2478 834 2513 commemoratam
871 2474 980 2513 illam
1019 2474 1158 2513 fortius
1191 2473 1362 2523 negandi
1395 2472 1589 2523 significa-

187 2539 332 2578 tionem
367 2538 556 2578 indueret.
613 2540 708 2578 Rem
747 2538 919 2577 declaret
946 2538 1168 2578 Pausaniae
1207 2539 1314 2577 locus
1350 2550 1399 2577 ex
1426 2538 1492 2577 lib.
1521 2537 1588 2588 IX,

1279 2664 1298 2689 0
