1732 2878
286 613 407 674 Inter
434 635 597 674 virtutes
625 635 866 675 Judaeorum
893 635 1139 676 referendum
1167 640 1238 686 est,
1267 636 1373 685 quod
1396 638 1526 688 patria
1544 650 1608 677 ex-

206 700 310 751 pulsi
338 703 377 738 et
404 699 505 738 inter
531 700 664 739 varias
692 704 829 750 gentes
858 713 906 739 ac
933 701 1112 740 nationes
1141 701 1309 752 dispersi
1337 705 1376 740 et
1397 702 1541 752 linguis
1569 705 1609 741 et

206 764 331 804 literis
359 776 494 803 earum
523 764 766 804 studuerunt.
822 765 959 815 Neque
986 778 1078 804 vero
1106 766 1147 804 in
1166 778 1299 804 eorum
1326 778 1425 815 quos
1446 766 1609 805 adibant

205 829 392 867 librorum
434 828 563 868 studio
603 829 924 879 acquiescebant,
971 829 1042 868 sed
1083 829 1159 881 ipsi
1205 829 1436 881 scriptorum
1476 833 1609 882 partes

207 898 461 944 susceperunt
496 893 713 943 iisdemque
749 894 872 933 literis
908 894 1031 933 multa
1057 894 1163 933 haud
1197 895 1480 933 contemnenda
1508 907 1608 933 com-

205 961 430 1007 posuerunt.
487 957 604 995 Haud
632 957 748 1007 pauci
775 961 993 995 nostratum
1021 957 1087 1006 qui
1106 958 1206 996 inter
1229 957 1463 997 Germaniae
1491 958 1609 1008 scrip-

206 1024 311 1061 tores
338 1033 481 1060 nomen
509 1034 556 1061 ac
585 1021 731 1060 famam
760 1021 835 1061 sibi
862 1025 1116 1073 pepererunt,
1149 1022 1308 1061 natione
1335 1021 1478 1062 Judaei
1506 1025 1607 1061 sunt.

207 1085 287 1123 Sed
308 1088 394 1134 jam
423 1086 472 1123 iis
500 1086 752 1136 temporibus,
781 1086 920 1134 quibus
948 1089 1092 1124 terram
1120 1097 1272 1124 sacram
1303 1086 1607 1136 adJacentesque

207 1149 388 1199 regiones
438 1149 679 1199 incolebant,
722 1149 865 1189 Judaei
902 1150 1129 1201 peregrinas
1170 1150 1305 1190 literas
1348 1149 1511 1201 diligere
1553 1162 1601 1189 ac

207 1214 334 1253 colere
363 1217 586 1264 coeperunt.
644 1212 770 1258 Quum
799 1213 901 1252 enim
930 1226 1062 1252 eorum
1089 1214 1209 1253 vicini
1236 1226 1396 1265 operam
1421 1215 1608 1253 studium-

206 1290 281 1327 que
309 1277 349 1315 in
378 1277 539 1316 Graecis
566 1277 690 1316 literis
717 1280 918 1328 ponerent,
948 1281 987 1316 et
1015 1278 1090 1329 ipsi
1108 1278 1245 1316 harum
1274 1277 1481 1317 dulcedine
1502 1278 1609 1329 capti

206 1346 308 1381 sunt.
364 1341 441 1388 Qui
475 1342 621 1381 factum
658 1342 726 1392 sit,
772 1345 816 1380 ut
849 1341 1086 1381 Graecorum
1119 1342 1255 1392 lingua
1292 1346 1331 1382 et
1366 1342 1503 1381 literae
1539 1354 1608 1393 per

205 1407 431 1457 Aegyptum
466 1409 505 1445 et
540 1406 676 1444 Asiam
712 1405 1008 1455 divulgarentur
1042 1410 1081 1445 et
1109 1407 1148 1445 in
1174 1407 1366 1446 'tabernas
1394 1418 1608 1457 pauperum

205 1471 352 1522 pariter
379 1473 498 1520 atque
524 1470 565 1508 in
594 1469 758 1509 divitum
787 1469 907 1509 aedes
935 1482 978 1509 se
1006 1470 1267 1522 insinuarent,
1299 1470 1399 1510 adeo
1427 1470 1606 1521 innotuit,

206 1539 249 1574 ut
277 1535 408 1574 multis
435 1535 510 1574 hac
539 1535 588 1574 de
615 1547 657 1574 re
685 1535 815 1574 verbis
843 1548 922 1574 non
951 1547 1051 1586 opus
1080 1536 1142 1574 sit.

286 1598 413 1644 Quum
439 1599 674 1638 Macedones
700 1599 742 1637 in
760 1599 896 1638 Asiam
920 1599 1162 1639 invasionem
1190 1599 1376 1638 fecissent
1394 1599 1607 1651 etAegyp-

205 1668 288 1703 tum
321 1668 599 1716 occupassent,
635 1664 829 1704 barbarae
866 1668 1003 1715 gentes
1038 1677 1085 1704 ac
1119 1665 1299 1704 nationes
1335 1677 1359 1703 a
1395 1665 1607 1704 victoribus

206 1729 319 1779 quasi
339 1729 656 1780 compensatione
677 1729 876 1767 servitutis
896 1729 1096 1779 injunctae
1108 1729 1306 1768 Musarum
1322 1741 1441 1780 opera
1460 1729 1607 1779 magni-

205 1793 282 1833 fica
301 1797 535 1845 acceperunt
555 1797 593 1832 et
611 1794 785 1843 linguam
806 1793 997 1832 Graecam
1022 1794 1253 1833 didicerunt.
1290 1793 1459 1832 Maxime
1478 1797 1607 1832 autem

205 1858 469 1897 Alexandriae
505 1858 677 1908 Aegypti
714 1857 845 1896 studia
879 1858 1080 1897 literarum
1117 1858 1354 1897 Graecarum
1389 1857 1606 1906 viguerunt.

205 1922 291 1962 Huc
318 1922 490 1972 undique
527 1922 685 1961 barbari
722 1922 842 1960 animi
879 1923 991 1962 novis
1028 1922 1215 1962 doctrinis
1248 1921 1447 1960 imbuendi
1478 1921 1607 1972 gratia

206 1986 487 2036 confluxerunt,
506 1986 570 2025 hic
590 1987 709 2025 etiam
727 1986 967 2025 Judaeorum
986 1999 1151 2037 magnus
1170 1998 1352 2025 numerus
1371 1986 1607 2025 Graecorum

204 2051 339 2101 lingua
367 2054 406 2089 et
432 2051 556 2089 literis
583 2050 760 2089 initiatus
789 2054 859 2089 est.
915 2051 998 2090 Nec
1026 2063 1095 2090 eas
1123 2050 1252 2089 animo
1281 2049 1481 2089 imbibisse
1509 2050 1606 2090 satis

204 2115 435 2166 habuerunt,
465 2115 536 2154 sed
555 2115 674 2154 etiam
694 2115 775 2154 suis
794 2115 967 2166 ipsorum
985 2115 1109 2155 literis
1129 2115 1345 2167 exprimere
1364 2114 1605 2165 studuerunt,

205 2192 307 2230 quae
334 2181 512 2230 legerant
532 2184 570 2218 et
590 2183 864 2218 concoxerant.
902 2180 985 2220 Nec
1005 2180 1131 2219 defuit
1149 2179 1202 2219 ad
1220 2179 1321 2218 hanc
1338 2191 1420 2218 rem
1439 2179 1606 2219 occasio.

204 2244 333 2291 Quum
353 2245 455 2284 enim
483 2245 572 2284 libri
592 2245 693 2283 sacri
721 2245 761 2283 in
781 2257 913 2284 eorum
942 2245 1121 2284 manibus
1142 2248 1273 2283 essent
1292 2255 1340 2283 ea
1359 2256 1460 2294 quae
1477 2245 1606 2284 Moses

204 2310 400 2360 ceterique
428 2313 541 2349 vates
570 2309 691 2348 divini
711 2309 760 2348 de
789 2309 875 2360 deo,
906 2309 955 2348 de
975 2309 1230 2348 daemonibus
1250 2308 1299 2347 de
1321 2320 1449 2348 rerum
1467 2312 1607 2348 natura

204 2378 365 2423 totoque
393 2373 551 2423 mundo,
581 2373 630 2412 de
650 2377 778 2412 mente
807 2374 988 2423 humana,
1018 2373 1067 2412 de
1085 2373 1199 2412 bonis
1221 2373 1337 2411 rebus
1365 2373 1405 2411 in
1431 2373 1527 2424 vita,
1557 2373 1607 2412 de

203 2439 318 2478 malis
354 2438 555 2488 dixerant,
594 2438 755 2476 Graecis
788 2438 911 2477 literis
948 2438 1256 2488 illustraverunt,
1295 2449 1373 2487 qua
1405 2438 1446 2476 in
1481 2449 1522 2477 re
1550 2437 1608 2477 ita

203 2504 350 2542 versati
378 2507 480 2553 sunt,
509 2507 552 2542 ut
580 2503 761 2553 egregias
789 2503 970 2541 maximis
998 2503 1048 2542 de
1066 2503 1182 2542 rebus
1202 2502 1417 2541 sententias
1435 2515 1461 2541 a
1478 2502 1607 2553 poetis

205 2571 244 2606 et
271 2567 515 2619 philosophis
535 2567 696 2606 Graecis
724 2567 899 2618 prolatas
929 2567 1115 2606 doctrinis
1133 2566 1311 2607 Judaicis
1335 2565 1606 2606 admiscerent.
