1732 2878
769 99 819 138 25

99 203 243 258 ἑτέροις,
271 204 332 244 his
359 204 399 244 in
426 204 555 245 verbis
584 203 642 244 ἐπί
667 207 905 259 praepositio
934 206 1026 247 ferri
1052 218 1131 246 non
1157 208 1298 258 potest.
1345 202 1490 243 Dicunt

100 272 200 315 enim
236 266 386 309 Graece
424 270 627 320 loquentes
671 270 783 309 πάντα
824 271 966 322 τρόπον,
1001 270 1063 308 τὸν
1100 269 1207 308 αὐτον
1239 267 1381 320 τρόπον,
1415 267 1492 304 τίνα

99 333 229 388 τρόπον
264 346 343 373 non
378 333 515 374 addita
548 336 837 387 praepositione
883 336 959 375 nisi
992 335 1186 375 interdum
1223 332 1332 380 κατά,
1376 343 1490 371 nemo

102 402 230 441 autem
258 410 373 448 quem
401 399 522 438 sciam
542 400 699 439 asciscit
719 399 776 438 ἐπί
793 401 1133 452 praepositionem.
1175 400 1355 438 Praestat
1374 396 1492 447 igitur

99 464 301 514 vulgatam
328 463 557 515 scripturam
584 464 660 502 τίνα
688 463 760 503 ἐστὶ
786 463 916 516 τρόπον
944 465 1002 504 ita
1028 465 1194 504 retinere
1221 467 1264 503 ut
1288 465 1491 502 accentum

102 530 141 568 in
179 527 460 579 paenultimam
502 529 809 568 transmittamus
850 529 952 568 hunc
992 529 1032 567 in
1071 529 1249 567 modum:
1298 527 1375 563 τίνα
1416 520 1491 561 ἔστι

99 590 248 643 τρόπον;
277 591 487 631 Maximam
514 595 643 632 autem
672 592 923 632 offensionem
950 592 991 632 id
1017 593 1136 632 habet
1162 591 1267 641 quod
1285 591 1382 629 miro
1402 601 1490 628 eon-

100 666 217 696 sensu
244 655 333 694 libri
360 659 399 694 et
426 667 543 694 manu
570 656 704 708 scripti
739 649 778 696 et
814 657 920 708 typis
948 656 1123 707 expressi
1157 655 1207 695 de
1233 654 1367 694 mundi
1395 652 1489 704 opis.

100 735 137 772 p.
167 721 191 759 6
219 719 269 759 Μ.
299 719 483 759 exhibent
517 724 658 771 πρῶτον
695 715 756 759 οὖν
784 719 881 771 παρὰ
908 725 971 758 τοῦ
1000 724 1131 770 νοητοῦ
1160 718 1298 769 κόσμου
1329 717 1347 755 ὁ
1377 720 1488 754 ποιῶν

102 784 214 824 ἐποίει
242 781 394 834 οὐρανὸν
422 782 612 834 ἀσώματον
640 786 698 822 καὶ
716 788 783 836 γῆν
803 783 955 836 ἀόρατον
975 786 1033 822 καὶ
1053 782 1157 835 ἀέρος
1178 782 1276 821 ἰδέαν
1295 783 1353 820 καὶ
1372 784 1491 819 κενοῦ.

100 850 200 891 Nam
228 848 334 899 q'uod
360 849 531 889 Mueller.
561 850 601 889 in
628 851 943 890 annotationibus
972 850 1024 889 ad
1050 850 1152 889 hune
1179 849 1319 888 librum
1345 861 1383 898 p.
1415 847 1490 886 172

52 924 55 926 ·
101 918 231 954 monet
257 913 354 965 παρά
381 916 670 966 praepositione
698 919 737 955 et
763 916 935 965 genitivo
965 927 1060 955 casu
1087 927 1168 953 rem
1195 912 1360 952 indicari
1387 910 1491 949 unde

101 978 194 1030 quid
221 983 453 1031 excerpatur
479 979 726 1020 vehementer
759 980 892 1020 dubito
919 992 1011 1019 num
1038 980 1116 1019 ista
1143 978 1279 1029 regula
1306 989 1400 1016 vera
1428 975 1490 1014 sit.

102 1044 180 1083 Sed
216 1044 371 1082 omnino
407 1043 470 1083 hic
505 1057 583 1083 non
619 1045 668 1084 de
704 1057 750 1083 eo
788 1045 917 1094 agitur
943 1045 1046 1083 unde
1083 1044 1243 1083 eoelum'
1261 1046 1491 1088 ceteraeque

81 1107 234 1151 ‚mundi
266 1111 398 1160 partes
432 1108 579 1160 petitae
615 1109 692 1148 sint
725 1109 795 1149 sed
831 1109 880 1148 de
915 1108 1050 1148 ordine
1078 1120 1154 1159 quo
1183 1107 1280 1147 deus
1307 1105 1349 1144 in
1375 1104 1491 1144 rebus

91 1173 278 1212 ‘creandis
305 1185 399 1212 usus
427 1174 489 1212 sit.
542 1174 720 1213 Placeret
746 1174 864 1223 igitur
890 1174 1017 1212 nudus
1046 1173 1240 1222 genitivus
1267 1174 1331 1208 τοῦ
1359 1171 1490 1218 νοητοῦ

99 1234 234 1288 κόσμου
271 1249 346 1287 quo
383 1249 431 1276 ea
466 1249 528 1277 res
563 1241 763 1277 notaretur
797 1240 908 1288 quus
945 1250 993 1277 ea
1028 1249 1128 1287 quae
1163 1236 1203 1275 in
1239 1232 1491 1284 sequentibus

100 1306 447 1341 commemorantur
481 1306 614 1353 partes
650 1306 792 1341 essent.
858 1302 937 1342 Sed
971 1301 1220 1341 verisimilius
1257 1304 1318 1339 est
1361 1297 1492 1337 omnia

99 1366 197 1406 haec
223 1366 344 1406 verba
371 1364 468 1418 παρὰ
495 1370 562 1404 τοῦ
590 1370 719 1417 νοητοῦ
748 1367 885 1417 κόσμου
924 1367 1091 1406 otiosum
1127 1370 1166 1405 et
1202 1365 1376 1415 ineptum
1404 1372 1491 1401 esse

100 1431 409 1471 additamentum
436 1432 692 1470 librariorum.
735 1430 861 1477 Quam
880 1431 1111 1470 sententiam
1130 1429 1320 1480 adJuvare
1338 1426 1493 1466 videtur

99 1495 204 1546 quod
236 1495 334 1535 haee
368 1496 488 1534 verba
523 1495 563 1534 in
598 1496 707 1534 libris
735 1507 828 1535 msc.
858 1495 1095 1534 Coisliniano
1133 1497 1171 1533 et
1199 1491 1364 1542 Collegii
1389 1488 1493 1530 Novi

100 1561 252 1601 desunt.
305 1561 518 1611 Pergamus
546 1560 599 1600 ad
626 1560 931 1611 conjunctiones.
983 1560 1131 1599 Harum
1160 1557 1266 1610 apud
1291 1556 1494 1596 Philonem

99 1637 193 1665 usus
221 1628 281 1665 est
307 1625 653 1675 frequentissimus.
696 1626 793 1664 Erat
821 1625 922 1664 enim
951 1625 1165 1664 orationem
1192 1620 1389 1662 vinciendi
1417 1624 1494 1659 stu-

100 1690 355 1730 diosissimus.
412 1690 491 1729 Sed
523 1702 641 1740 quum
676 1702 810 1730 omnes
846 1702 915 1730 eas
949 1689 1131 1741 persequi
1166 1688 1325 1738 longum
1360 1685 1412 1725 sit
1445 1684 1495 1723 de

100 1767 178 1793 una
205 1758 291 1804 γοῦν
318 1754 511 1805 particula
539 1766 640 1804 quae
659 1754 812 1793 Philoni
837 1754 1048 1793 admodum
1067 1752 1270 1792 familiaris
1290 1754 1350 1790 est
1367 1761 1496 1801 pauca

99 1819 221 1858 verba
248 1818 450 1858 faciamus.
506 1818 569 1858 Ad
605 1818 956 1869 argumentandum
990 1818 1108 1868 igitur
1135 1817 1192 1856 ita
1220 1815 1425 1855 adhibetur
1452 1817 1495 1852 ut

101 1897 149 1924 ea
176 1896 278 1936 quae
305 1884 412 1936 prius
442 1884 549 1924 dicta
578 1888 667 1924 sunt
693 1884 988 1935 restringantur.
1036 1883 1167 1930 Quare
1193 1881 1400 1922 Mueller
1427 1891 1495 1930 pa-

100 1961 184 1988 rum
213 1953 326 1989 caute
355 1949 484 1999 egisse
511 1949 667 1989 videtur
695 1950 800 1999 quod
828 1961 945 1999 quum
974 1948 1023 1988 de
1052 1948 1185 1987 mundi
1202 1947 1295 1998 opif.
1315 1960 1353 1997 p.
1376 1947 1424 1984 10
1443 1944 1494 1982 M.

100 2014 218 2064 vulgo
255 2013 434 2054 ederetur
471 2010 490 2051 ὃ
526 2012 594 2064 γὰρ
632 2012 838 2064 ἐντελεχείᾳ
883 2011 989 2055 δεκὰς
1023 2016 1127 2050 τοῦτο
1164 2009 1288 2062 τετρὰς
1322 2012 1370 2052 ὡς
1399 2005 1496 2047 ἔοικε

101 2077 259 2128 δυνάμει.
315 2076 358 2115 Εἰ
394 2082 479 2127 γοῦν
517 2079 550 2115 οἱ
585 2076 654 2115 ἀπὸ
685 2075 838 2127 μονάδος
876 2075 962 2127 ἅχρί
988 2074 1155 2127 τετράδος
1185 2075 1266 2124 ἑξῆς
1296 2074 1494 2112 συντεθεῖεν

100 2139 246 2192 ἀριθμοὶ
275 2140 408 2179 δεκάδα
436 2139 665 2191 γεννήσουσιν
693 2144 781 2189 κτλ.,
811 2153 860 2180 ex
887 2145 1062 2180 veterum
1091 2140 1304 2179 editionum
1333 2136 1494 2177 auctori-

100 2208 181 2245 tate
219 2200 281 2244 οῧν
316 2206 548 2257 particulam
586 2206 743 2257 scripsit
777 2218 848 2257 pro
885 2206 1047 2256 vulgata
1083 2208 1180 2254 γοῦν.
1236 2204 1366 2243 Verba
1393 2200 1494 2240 enim

100 2271 408 2320 argumentantis
436 2274 526 2309 sunt
553 2283 631 2309 non
659 2270 927 2309 concludentis
956 2274 1024 2309 aut
1052 2270 1258 2309 narrantis.

178 2336 317 2374 Restat
350 2338 394 2373 ut
429 2335 556 2384 qualis
591 2334 818 2384 negantium
855 2334 1134 2385 particularum
1162 2332 1267 2384 apud
1294 2331 1495 2370 Philonem

99 2399 193 2439 usus
221 2399 338 2439 fuerit
373 2399 511 2450 paucis
547 2411 800 2451 exponamus.
855 2398 1108 2438 Inferioribus
1135 2399 1292 2447 linguae
1319 2396 1495 2435 Graecae

98 2463 337 2514 temporibus
373 2464 499 2513 magis
536 2476 653 2513 quam
689 2463 952 2514 superioribus
982 2461 1032 2513 μή
1061 2461 1291 2513 particulam
1319 2460 1496 2510 frequen-

100 2529 223 2567 tatam
252 2540 339 2568 esse
367 2528 464 2567 satis
493 2532 648 2568 constat
675 2532 714 2567 et
741 2528 790 2567 de
818 2528 1027 2576 Pausania,
1063 2526 1248 2576 Lueiano,
1286 2525 1495 2564 Plutarcho

100 2602 125 2628 a
152 2591 376 2631 Godofredo
405 2593 626 2632 Hermanno
655 2592 707 2631 ad
725 2592 910 2642 Vigerum
937 2604 975 2642 p.
997 2591 1073 2629 803
1093 2602 1176 2639 sqq.
1207 2593 1245 2628 et
1274 2589 1313 2628 in
1337 2589 1496 2630 Diurnis
