1732 2878
0 154 23 182 »ni

0 241 54 284 ξ’
75 245 148 281 τῶν
175 240 308 294 Θηβῶν
342 239 407 292 τὴν
441 242 593 281 πεδίαδα
627 240 692 293 τὴν
726 240 766 282 δὲ
800 241 856 282 ἐπὶ
878 242 1003 286 Ὑσιὰς
1030 239 1098 295 ἦγε
1125 243 1213 295 πρὸς
1234 241 1468 293 Ἐλευθερῶν

12 289 17 296 0

746 72 794 111 2¹7

75 191 108 219 ο.
140 178 159 216 l
190 177 241 216 ab
268 173 489 216 He'rmanno
518 178 661 218 allatus
697 180 755 217 καὶ
790 182 883 230 σφᾶς
911 177 1037 218 αὐτίκα
1065 178 1105 217 οὐ
1134 177 1199 230 τὴν
1228 175 1373 216 εὖθειᾶν
1397 174 1466 215 ἀπὸ

6 329 16 362 5
74 321 113 345 τε
145 306 304 356 καὶμυτῆς
326 304 494 356 Ἀττικῆς
521 301 546 357 ᾗ
578 305 671 358 μηδὲ
701 306 831 350 οκοπὸς
859 306 1037 356 ἐτέτακτο,
1075 309 1142 347 ubi
1169 308 1355 358 negativa
1382 319 1468 357 par-

74 370 195 415 ticula
222 370 279 409 sic
307 370 522 421 explicetur
547 375 591 410 ut
617 385 695 411 non
723 372 948 423 simpliciter
978 384 1058 411 rem
1087 376 1204 422 neget
1230 372 1346 410 immo
1374 382 1467 409 vero

76 435 194 474 etiam
222 434 387 484 cogitari
414 446 500 474 eam
529 447 615 475 esse
642 439 759 475 vetet.
806 436 926 487 Cujus
955 437 1109 486 generis
1137 437 1259 475 multa
1287 435 1467 486 exempla

75 510 125 538 ex
158 497 268 537 libris
295 498 493 537 Plutarchi
528 499 569 538 in
594 500 752 539 Diurnis
781 500 1033 540 Scholasticis
1071 501 1095 539 l.
1125 500 1150 539 l.
1188 503 1464 551 proponuntur.

13 572 16 576 ’
74 562 189 603 Adde
216 574 265 602 ex
293 562 467 612 ejusdem
496 563 623 614 Agide
651 576 683 603 c.
713 567 736 603 2
765 565 822 602 καὶ
849 562 918 616 γὰρ
948 560 1046 602 οὗτοι
1072 562 1133 602 τὸν
1162 565 1275 615 δῆμον
1305 561 1467 607 αὔξοντες

2 639 32 665 3
76 643 118 666 ω.
149 641 178 666 ε.
208 628 266 665 καὶ
300 627 477 665 πολιτείαν
513 626 628 678 καλὴν
661 629 719 666 καὶ
755 629 891 666 δικαίαν
920 627 1169 667 ἐκλελοιπυῖαν
1197 626 1309 666 πολὺν
1337 626 1467 678 χρόνον

76 689 384 744 ἀναλαμβάνοντες
413 690 546 742 ὁμοίως
574 691 827 743 ἀπηχθάνοντο
861 696 935 735 τοῖς
964 695 1126 735 δυνατοῖς
1155 691 1204 743 μὴ
1235 690 1467 744 βουλομένοις

75 755 218 807 ἀφεῖναι
244 754 310 806 τήν
339 755 476 807 συνήθη
506 757 708 800 πλεονεξίαν
737 761 775 797 et
803 770 824 797 e
852 771 937 809 cap.
961 759 1008 797 13
1039 755 1131 795 οὕτω
1161 754 1202 794 δὲ
1226 759 1289 806 τῆς
1307 753 1468 806 πράξεως

75 819 194 862 αὐτοῖς
231 819 305 870 ὁδῷ
341 819 554 871 βαδιζούσης
593 822 650 857 καὶ
687 820 839 870 μηδενὸς
868 819 1096 870 ἐνισταμένου
1125 818 1218 869 μηδὲ
1248 817 1465 857 διακωλύον-

73 898 132 926 τος
160 883 211 925 εἷς
244 881 334 934 ἀνὴρ
358 881 578 936 Ἀγησίλαος
613 882 782 936 ἀνέτρεψε
819 882 930 923 πάντα
966 885 1024 923 καὶ
1053 881 1290 933 διελυμήνατο
1326 883 1466 933 quibus

73 949 114 988 in
140 948 237 987 locis
257 947 399 997 Georg.
419 948 523 986 Frid.
544 948 847 988 Schoemann
875 949 1073 999 utriusque
1093 948 1314 998 negationis
1333 947 1466 986 discri-

73 1024 161 1052 men
189 1025 214 1051 a
241 1011 449 1051 Plutarcho
477 1013 695 1063 neglectum
724 1025 810 1052 esse
838 1013 1088 1052 existimavit.
1132 1012 1211 1051 Sed
1231 1024 1279 1051 ex
1298 1011 1346 1051 iis
1365 1022 1466 1061 quae

73 1088 192 1128 supra
220 1076 420 1128 disputata
448 1081 536 1116 sunt
563 1078 812 1116 Plutarchum
851 1077 968 1116 etiam
1004 1077 1068 1116 hic
1095 1076 1321 1126 negantium
1348 1075 1466 1126 parti-

74 1141 246 1180 cularum
274 1140 532 1180 differentiam
561 1142 790 1181 observasse
819 1141 986 1180 fortasse
1013 1141 1173 1191 patebit.
1229 1140 1331 1179 Nam
1358 1150 1465 1177 usur-

71 1208 206 1256 patum
226 1208 285 1243 est
312 1202 361 1255 μή
381 1217 449 1256 per
467 1205 584 1244 istam
603 1205 740 1244 fortius
759 1204 930 1254 negandi
949 1204 1167 1253 notionem3
1196 1203 1262 1253 qui
1280 1201 1466 1252 loquendi

72 1268 211 1307 modus
239 1268 574 1318 frequentissimus
602 1273 662 1308 est
688 1270 729 1307 in
752 1269 926 1307 Philonis
954 1280 1150 1307 sermone:
1180 1268 1230 1306 de
1249 1267 1350 1306 conf.
1370 1267 1464 1316 ling.

71 1346 109 1384 p.
139 1334 216 1372 426
244 1333 293 1372 Μ.
332 1331 427 1371 ἀλλὰ
465 1332 513 1384 μὴ
551 1332 591 1371 τὸ
630 1331 820 1384 πρόχειρον
858 1335 962 1370 τοῦτο
1001 1333 1059 1369 καὶ
1086 1330 1398 1384 κατημαξευμένον
1429 1328 1466 1367 ἐν

75 1400 147 1438 τοῖς
178 1392 380 1447 ἱερωτάτοις
408 1401 585 1448 χρησμοῖς
614 1396 875 1447 ἀναγέγραπται
913 1395 991 1434 ἀλλ’
1032 1393 1120 1446 ὅπερ
1150 1392 1465 1446 ἀποκεκρυμμένον

73 1461 313 1511 ἰχνηλατεῖται
351 1459 408 1499 διὰ
425 1464 505 1500 ,τῶν
535 1460 706 1513 ἐμφανῶν
735 1460 933 1512 ὀνομάτων,
973 1460 1022 1500 de
1056 1464 1203 1512 septen.
1241 1474 1279 1511 p.
1309 1461 1385 1499 287
1414 1460 1465 1498 Μ.

72 1525 105 1562 οἱ
133 1526 173 1562 δε
201 1523 244 1575 τῂ
275 1529 408 1577 φυσικῇ
445 1526 625 1576 σκαιότητι
661 1523 938 1576 προςειληφότες
973 1526 1031 1563 καὶ
1063 1523 1127 1574 τὴν
1157 1522 1193 1567 ἐξ
1221 1521 1466 1574 ἐπιταγμάτων

72 1591 289 1627 δεσποτικῶν
315 1588 515 1641 ἐκεχειρίαν
541 1605 572 1628 κ.
598 1606 633 1629 π.
659 1605 690 1628 υ.
714 1605 747 1629 α.
773 1604 802 1628 τ.
824 1604 854 1628 ε.
876 1604 905 1629 ε.
926 1605 961 1629 π.
987 1587 1090 1627 οὐδὲν
1115 1588 1373 1639 παραλείπουσι
1397 1592 1468 1625 τῶν

70 1653 338 1703 χαλεπωτάτων
367 1653 557 1691 ἐπιείκειαν
582 1656 640 1691 καὶ
660 1652 866 1704 ἡμερότητα
887 1654 969 1704 μηδ’
992 1649 1079 1704 ὄναρ
1099 1651 1243 1702 ἰδόντες,
1271 1653 1312 1691 in
1330 1652 1468 1691 eodem

70 1717 168 1757 libro
196 1731 234 1769 p.
254 1719 330 1757 290
350 1719 400 1757 Μ.
431 1716 511 1756 ὅσαι
540 1717 580 1756 δὲ
607 1722 736 1769 τειχῶν
767 1716 863 1761 ἐντός
892 1719 958 1756 εἰσι
987 1716 1093 1768 μέχρι
1122 1715 1186 1768 μὲν
1216 1715 1377 1754 ἐνιαυτοῦ
1402 1713 1466 1766 τήν

72 1779 290 1832 ἆποπομπὴν
326 1780 383 1819 ἐπὶ
419 1780 501 1824 τοὺς
538 1780 763 1833 πεπρακότας
801 1780 926 1833 ἔχουσι
955 1780 1044 1832 μετὰ
1072 1780 1112 1818 δὲ
1140 1780 1199 1819 τὸν
1229 1779 1388 1818 ἐνιαυτὸν
1418 1782 1468 1822 εἰς

72 1841 164 1884 ἅπαν
192 1849 265 1888 τοῖς
293 1844 535 1897 ὠνησαμένοις
564 1847 787 1898 βεβαιοῦνται
815 1843 927 1896 μηδὲν
957 1844 996 1883 δὲ
1024 1848 1086 1883 τοῦ
1106 1848 1347 1895 πεντηκοστοῦ
1366 1841 1468 1886 ἔτους

73 1907 270 1960 ἐκεχειρίας
310 1908 537 1961 βλαπτοόσης
571 1910 653 1952 τοὺς
687 1910 915 1961 πριαμένους,
955 1911 995 1948 in
1023 1910 1207 1948 Flaccum
1244 1923 1282 1960 p.
1311 1910 1388 1947 518
1416 1909 1466 1947 Μ.

71 1974 129 2011 καὶ
158 1971 263 2025 μέχρι
292 1971 357 2024 μέν
385 1987 475 2016 τινος
503 1971 553 2012 ἔτ’
584 1972 745 2025 ἀντεῖχεν
775 1971 823 2024 μὴ
860 1970 951 2012 κατὰ
986 1971 1026 2011 τὸ
1056 1970 1227 2015 παντελὲς
1256 1971 1468 2024 μεθιέμενος

70 2036 135 2088 τὴν
163 2041 233 2077 τῶν
261 2037 477 2090 πραγμάτων
506 2037 698 2090 ἀντίληψιν.
745 2039 836 2078 Alia
863 2039 905 2078 id
931 2040 1085 2089 generis
1114 2039 1293 2091 exempla
1319 2038 1467 2090 passim

72 2103 179 2155 apud
211 2103 413 2142 Philonem
450 2107 665 2142 occurrunt.
723 2104 901 2143 Ceterum
939 2104 1071 2143 multis
1108 2104 1205 2143 locis
1242 2104 1326 2143 sine
1355 2106 1466 2153 Justa

72 2180 193 2207 eausa
219 2167 325 2207 istud
353 2167 491 2206 fortius
518 2180 667 2217 negans
697 2166 748 2218 μή
777 2168 994 2207 adhibitum
1022 2180 1109 2207 esse
1136 2169 1205 2207 vix
1222 2167 1464 2207 infitiandum

72 2236 142 2271 est.
198 2232 316 2271 Verbi
345 2244 465 2271 causa
493 2232 593 2271 dixit
621 2236 756 2270 auctor
783 2235 915 2271 noster
950 2232 999 2271 (le
1028 2244 1132 2283 spec.
1160 2233 1312 2283 legibus
1339 2231 1405 2269 lib.
1433 2231 1464 2279 Ι,

71 2308 109 2346 p.
139 2297 215 2336 275
244 2296 294 2335 Μ.
323 2300 394 2334 τῶν
423 2294 462 2333 δὲ
493 2294 541 2347 μὴ
574 2294 681 2346 μόνον
709 2293 771 2338 τὰς
801 2294 921 2339 οὐσίας
949 2294 972 2346 ἦ
1004 2294 1095 2347 μέρη
1124 2294 1258 2334 τούτων
1287 2293 1380 2333 ἀλλὰ
1409 2295 1466 2332 καὶ

73 2358 202 2403 αὑτοὺς
236 2359 409 2411 ἀνάθημα
436 2358 687 2412 ποιησαμένων
726 2358 764 2398 ἐν
793 2358 918 2411 εὐχαῖς
947 2358 1055 2412 ὥρισε
1083 2359 1183 2410 τιμάς
1210 2362 1285 2400 κτλ.
1322 2371 1397 2409 quo
1426 2359 1467 2397 in

70 2424 158 2464 loco
187 2437 255 2465 cur
283 2423 333 2476 μή
369 2438 447 2465 non
485 2422 526 2463 οὗ
567 2425 712 2465 dictum
745 2420 899 2475 legatur
933 2426 1080 2465 nullam
1118 2436 1276 2463 causam
1310 2424 1467 2473 assequi

71 2501 243 2540 possum.
284 2489 363 2529 Sed
391 2501 507 2540 quum
537 2490 745 2541 scriptores
772 2490 998 2529 recentioris
1026 2488 1259 2528 Graecitatis
1287 2489 1468 2538 graviore

73 2554 281 2604 negatione
308 2554 424 2594 nimis
460 2555 608 2593 assueti
636 2557 766 2593 essent
801 2553 852 2605 μή
885 2554 1078 2605 particula
1112 2557 1155 2591 ut
1188 2553 1231 2591 fit
1266 2553 1384 2592 etiam
1412 2554 1469 2592 ita

71 2619 251 2670 usurpari
279 2621 420 2670 coepta
448 2622 508 2658 est
534 2621 577 2657 ut
604 2617 742 2658 fortius
769 2618 941 2669 negandi
966 2618 1007 2657 vi
1034 2621 1195 2657 careret.
