1732 2878
758 50 805 92 17

857 158 898 198 τὸ
929 156 1053 200 δ’ἄλλο
1083 163 1197 213 φῦλον
1226 158 1481 211 ὲξεστεμμένον

86 225 249 278 ἀγοραῖοι
283 224 394 262 θακεῖ
426 225 514 272 κτλ.,
549 224 640 262 Eur.
673 224 818 263 Phoen.
847 226 924 264 608
954 226 1014 264 ed.
1051 226 1238 265 Nauck.
1294 224 1483 275 Μυκηναις

87 289 135 342 μὴ
165 285 279 328 ’νθάδ’
318 286 490 326 ἀνακάλει
528 285 654 338 θεούς,
689 288 801 328 Philo
839 301 906 328 eos
941 289 1115 329 imitatus
1143 294 1204 329 est
1237 290 1277 328 in
1304 290 1403 329 libro
1432 290 1482 329 de

84 366 209 395 rerum
247 352 365 391 divin.
401 350 545 390 herede
580 364 618 402 p.
655 353 731 391 479
768 353 818 391 Μ.
845 351 885 389 τὸ
923 351 963 389 δὲ
998 352 1085 403 πρὸς
1113 352 1248 403 γένεσιν
1285 352 1358 391 οὐδ’
1388 351 1482 395 ὅλως

86 417 193 470 ἀνέβη
232 414 316 454 οὐδὲ
354 413 528 465 ἐζήτησεν
566 413 758 468 ἀναβῆναι,
805 419 971 467 φωλεῦον
1015 416 1054 454 δὲ
1091 421 1218 468 μυχοῖς
1253 416 1394 460 ἀδύτοις
1429 422 1482 469 τῷ

84 482 224 535 ἀβιώτῳ
258 479 324 531 βίῳ
352 478 489 530 χαίρει,
529 491 630 528 quae
666 480 787 518 verba
820 480 921 518 hunc
959 480 1040 519 fere
1077 493 1233 520 sensum
1269 483 1478 532 praebent:

84 547 174 588 Vita
209 556 310 596 quae
346 543 399 583 ad
426 555 489 583 res
516 543 707 583 humanas
736 547 889 595 spectat
918 557 990 584 nec
1025 545 1202 584 ascendit
1229 558 1301 585 nec
1329 546 1479 586 curavit

84 609 293 652 ascendere
328 608 398 647 sed
433 608 473 646 in
511 608 688 647 cavernis
725 608 965 647 absconditis
1002 608 1121 658 degit.
1178 610 1256 649 Sed
1290 623 1406 659 quum
1439 611 1479 648 in

84 674 219 717 eodem
245 673 344 712 libro
372 685 410 724 p.
440 673 518 712 518
537 672 587 711 M.
615 671 733 723 vulgo
763 672 901 712 edatur
930 673 965 710 αἱ
994 671 1034 710 δὲ
1064 671 1250 724 λαμπάδες
1276 677 1339 712 τοῦ
1368 672 1478 726 πυρὸς

85 741 120 778 αἱ
147 735 434 789 δαδουχοόμεναι
460 740 524 774 τοῦ
563 735 744 786 δᾳδούχου
774 737 863 774 θεοῦ
900 737 1027 787 κρίσεις
1056 739 1140 775 εἰσὶν
1169 739 1204 775 αἱ
1233 740 1393 789 λαμπραὶ
1421 740 1478 776 καὶ

83 805 253 853 διαυγεῖς,
292 801 347 844 αἷς
374 798 460 843 ἔθος
490 798 611 852 μέσαις
645 803 715 838 τῶν
747 799 1046 852 διχοτομημάτων
1084 800 1180 852 λέγω
1210 800 1249 840 δὲ
1277 806 1347 840 τῶν
1377 801 1478 840 ἐναν-

82 865 248 919 τιοτήτων
277 865 313 909 ἐξ
343 862 393 904 ὧν
422 863 514 908 ἅπας
544 864 562 902 ὁ
592 862 725 915 κόσμος
759 864 972 916 συνέστηκε,
1011 864 1141 916 διάγειν
1176 880 1253 906 non
1287 872 1347 907 est
1374 868 1479 918 quod

83 932 134 973 ad
161 929 282 983 μέσαις
311 930 511 970 desideres
540 927 577 966 ἐν
605 934 673 969 aut
701 930 865 970 similem
893 932 1234 983 praepositionem.
1272 932 1354 972 Nec
1373 932 1478 982 quod

84 996 283 1048 Mangeius
310 995 515 1047 proposuit
542 995 668 1046 accipi
697 994 814 1034 debet
843 994 1026 1046 ἐνδιάγειν.
1073 996 1175 1035 Illud
1194 996 1297 1035 enim
1316 997 1478 1047 adjecti-

80 1074 169 1102 vum
211 1059 457 1111 referendum
494 1063 554 1098 est
590 1060 642 1098 ad
676 1072 950 1111 praegressum
984 1073 1197 1112 pronomen
1236 1061 1300 1103 αἷς.
1357 1062 1477 1100 Recte

80 1127 195 1177 igitur
221 1126 262 1164 in
290 1124 427 1164 eodem
455 1136 549 1164 casu
577 1125 744 1176 ponitur.
799 1125 873 1164 Hic
901 1125 1152 1175 corrigendus
1180 1129 1240 1164 est
1266 1126 1376 1165 locus
1409 1126 1475 1176 qui

81 1191 119 1230 in
145 1190 243 1229 libro
272 1188 386 1236 Quod
414 1190 521 1228 Deus
550 1189 601 1228 sit
628 1189 879 1228 immutabilis
906 1203 944 1240 p.
966 1191 1040 1230 277
1061 1190 1111 1229 Μ.
1131 1190 1295 1229 habetur
1313 1193 1384 1227 τῶν
1406 1189 1474 1241 γὰρ

81 1252 251 1305 σωμάτων
279 1252 323 1291 τὰ
352 1252 416 1304 μὲν
446 1251 635 1291 ἐνεδύσατο
664 1250 734 1296 ἔξει
761 1252 805 1291 τὰ
833 1252 873 1291 δὲ
903 1253 1006 1305 φύσει
1025 1253 1068 1291 τὰ
1094 1253 1133 1292 δὲ
1162 1258 1263 1305 ψυχῇ
1287 1253 1331 1292 τὰ
1355 1252 1395 1292 δὲ
1416 1256 1475 1292 καὶ

81 1321 204 1368 λογικῆ
232 1321 345 1369 ψυχῆ,
373 1318 440 1357 ubi
468 1318 627 1357 verbum
657 1316 844 1356 ἐνδύεσθαι
873 1331 1003 1358 seeum
1031 1319 1150 1357 habet
1169 1319 1354 1358 dativum.
1397 1320 1473 1358 Res

80 1382 153 1433 ipsi
171 1383 351 1421 Benzelio
381 1382 589 1431 antiquiori
618 1382 789 1421 Philonis
808 1383 1008 1433 interpreti
1037 1387 1220 1434 suspecta
1243 1387 1338 1422 erat.
1385 1384 1473 1423 Non

80 1446 279 1485 immerito.
334 1446 436 1486 Nam
464 1457 565 1496 quae
594 1446 689 1485 citat
717 1450 901 1498 excerpta
921 1446 970 1486 de
989 1446 1132 1486 mundo
1152 1451 1244 1486 tom.
1263 1448 1314 1486 ΙΙ.
1339 1460 1375 1499 p.
1397 1449 1473 1487 606

79 1511 127 1549 Μ.
154 1511 220 1550 ubi
246 1511 349 1550 redit
375 1511 438 1550 hic
456 1511 566 1550 locus
584 1510 729 1550 habent
748 1523 881 1550 casum
901 1514 1080 1561 quartum
1100 1509 1180 1559 ἕξιν,
1202 1510 1316 1563 φύσιν,
1340 1510 1471 1564 ψυχήν.

80 1574 204 1621 Quare
230 1575 294 1626 hic
322 1588 408 1615 cum
437 1576 615 1626 Mangeio
645 1576 733 1615 libri
761 1576 861 1616 Med.
891 1576 1096 1616 lectionem
1134 1575 1327 1627 ἑνεόήσατο
1364 1590 1473 1629 prae-

80 1639 198 1678 feram
225 1641 455 1691 praesertim
483 1653 600 1689 quum
629 1640 681 1679 ad
708 1641 784 1679 loci
812 1652 968 1679 sensum
997 1653 1072 1679 non
1101 1642 1227 1681 minus
1255 1643 1432 1691 quadret.

154 1704 214 1744 De
240 1705 467 1756 pronomine
495 1705 631 1756 paucis
659 1705 863 1744 absolvere
883 1706 985 1744 licet.
1022 1705 1123 1745 Nam
1144 1706 1248 1756 quod
1268 1719 1292 1745 a
1311 1707 1472 1747 Philone

78 1779 361 1818 nonnumquam
387 1770 593 1808 relativum
621 1770 798 1819 neglecto
827 1782 969 1819 genere
998 1771 1207 1821 superioris
1238 1771 1473 1811 substantivi

79 1843 150 1881 quo
178 1832 423 1872 referendum
452 1837 528 1884 est,
564 1834 772 1886 posteriori
799 1834 946 1872 nomini
982 1834 1316 1886 accommodatur,
1351 1839 1394 1874 ut
1422 1836 1472 1875 de

78 1896 207 1936 mundi
235 1898 327 1949 opif.
365 1912 403 1949 p.
433 1900 455 1938 5
484 1899 535 1937 M.
574 1900 605 1936 εἰ
634 1897 673 1936 δὲ
701 1897 741 1936 τὸ
772 1897 880 1949 μέρος
909 1896 1017 1937 εἰκὼν
1056 1897 1191 1941 εἰκόνος
1220 1898 1386 1949 δηλονότι
1413 1901 1472 1938 καὶ

75 1956 113 1996 τὸ
142 1955 227 1998 ὅλον
255 1961 351 2004 εἶδος
380 1961 399 1999 ὁ
430 1960 571 2013 σόμπας
600 1960 771 2013 αἰσθητὸς
801 1961 922 2000 οὑτοοί
949 1960 1084 2013 κόσμος
1114 1960 1135 2000 δ’
1164 1962 1286 2013 μεῖζόν
1307 1962 1380 2002 ἐστι
1407 1967 1471 2015 τῆς

79 2019 298 2076 ἀνθρωπίνης
327 2026 472 2077 μίμημα
499 2027 600 2069 θείας
628 2026 775 2069 εἰκόνος.
831 2027 951 2077 Δῆλον
980 2025 1020 2066 δὲ
1050 2024 1102 2066 ὅτι
1130 2029 1189 2066 καὶ
1216 2027 1239 2078 ἡ
1271 2027 1471 2080 ἂρχέτυπος

78 2089 221 2138 σφραγὶς
249 2087 289 2128 ὅν
317 2105 435 2142 φαμεν
465 2090 553 2128 εἶναι
580 2090 715 2142 κόσμον
751 2090 879 2142 νοητὸν
908 2090 1013 2134 αὐτὸς
1042 2089 1083 2129 ἂν
1113 2091 1169 2142 εἴη
1197 2091 1237 2130 τὸ
1269 2091 1470 2144 ἀρχέτυπον

77 2150 298 2205 παράδειγμα
325 2157 413 2203 κτλ.,
443 2155 493 2195 de
521 2160 664 2207 poster.
694 2155 806 2195 Caini
833 2169 871 2207 p.
892 2158 970 2195 239
994 2160 1094 2196 teste
1124 2157 1259 2196 codice
1278 2158 1468 2197 Vaticano

76 2212 128 2252 διὸ
156 2221 220 2255 τοῦ
257 2217 366 2269 Mem.
403 2218 477 2262 υἱός
515 2218 587 2258 ἑστι
614 2223 676 2258 τοῦ
712 2217 772 2258 τὸν
801 2219 889 2258 ἰ’διον
928 2219 1004 2272 βίον
1040 2219 1322 2264 ἀπολελοιπότος
1357 2218 1387 2274 ᾧ
1426 2222 1467 2261 τὸ

76 2275 311 2333 ἀποθνήσκειν
351 2282 586 2334 ὲπιπέμπεται
620 2287 740 2336 ψυχῆς
775 2283 930 2327 θάνατος
966 2282 990 2335 ἦ
1028 2285 1119 2323 κατὰ
1155 2282 1295 2328 πάθους
1331 2285 1467 2338 ἀλόγου

77 2339 163 2383 ἐστὶν
184 2344 294 2399 αὐτῆς
314 2346 509 2401 μεταβολή,
528 2349 603 2388 hoc
622 2348 726 2388 idem
746 2348 790 2387 fit
809 2350 914 2401 apud
932 2350 1230 2402 probatissimos
1247 2352 1468 2403 scriptores.

75 2406 189 2448 Verbi
217 2424 338 2452 causa
363 2413 507 2462 legitur
534 2413 641 2464 apud
666 2413 967 2464 Xenophontem
993 2415 1033 2453 in
1052 2415 1164 2454 Mem.
1191 2416 1241 2465 II,
1263 2417 1299 2465 4,
1321 2419 1343 2455 2
1365 2416 1468 2466 φίλον

75 2466 113 2507 δὲ
140 2469 159 2510 ὃ
189 2472 351 2526 μέγιστον
380 2474 518 2527 ἀγαθὸν
547 2476 637 2514 εἷναί
665 2491 770 2528 φασιν
791 2475 878 2528 ὁρᾶν
899 2473 972 2530 ἔφη
992 2477 1074 2521 τοὺς
1093 2477 1249 2521 πολλοὺς
1269 2476 1351 2517 οὔτε
1371 2476 1468 2523 ὅπως

75 2535 256 2588 κτήσονται
285 2541 532 2593 φροντίζοντας
561 2537 644 2579 οὔτε
673 2537 770 2584 ὅπως
800 2542 832 2579 οἱ
862 2538 960 2586 ὄντες
989 2541 1129 2587 ἑαυτοῖς
1151 2545 1342 2586 σώζωνται.
1390 2546 1470 2588 Sed

1258 2609 1278 2643 2
