1732 2878
907 90 959 134 20

232 199 349 241 modo
378 200 635 254 explicandus
663 205 724 242 est
757 202 868 242 locus
903 203 970 253 qui
1003 202 1054 243 de
1088 201 1267 254 profugis
1293 200 1436 252 legitur
1471 214 1510 254 p.
1540 200 1630 241 555.

230 264 271 303 τὸ
301 264 366 317 μὲν
395 261 456 304 οὖν
486 263 624 317 ἀγαθὸν
652 264 851 318 ἀνώφοιτόν
879 264 952 305 ἐστι
978 264 1045 306 κᾶν
1073 265 1193 305 εἴποτε
1221 263 1314 318 ἔλθῃ
1342 264 1431 319 πρὸς
1457 264 1554 318 ἡμᾶς
1577 288 1631 295 -

232 329 436 382 φιλόδωρος
463 345 531 382 γαρ
561 330 580 369 ὁ
610 329 727 382 πατὴρ
757 330 868 370 αὐτοῦ
886 355 940 361 -—-
959 331 1153 374 σπουδάζει
1170 333 1455 382 παλινδρομῆσαι
1474 331 1628 373 δικαίως.

230 395 314 435 Νο0
342 395 444 435 enim
472 395 525 434 ad
550 394 815 435 indicativum
851 394 1043 439 σπουδάζει
1075 396 1244 447 pertinet
1269 395 1463 447 particula
1490 391 1532 433 ἄν
1560 393 1631 435 sed

232 458 284 498 ad
320 459 438 499 aliam
473 460 584 499 verbi
619 459 785 500 formam
821 473 922 511 quae
958 461 1150 501 reticetur.
1205 459 1306 500 Nam
1342 472 1460 510 quum
1495 463 1630 500 auctor

230 527 363 563 noster
391 524 534 564 certius
562 525 795 565 sententiam
821 526 1047 577 primariam
1076 525 1205 576 eloqui
1231 525 1350 565 vellet
1377 525 1427 564 ab
1446 524 1630 573 inchoata

230 592 426 628 structura
455 589 645 629 orationis
672 589 864 631 discessit.
912 590 1023 638 Quae
1050 603 1113 631 res
1141 603 1259 641 quum
1285 591 1325 629 in
1344 590 1629 640 antiquioribus

230 653 469 693 Graecarum
509 655 709 694 literarum
750 656 974 695 auctoribus
1015 659 1097 694 tum
1137 656 1178 694 in
1216 654 1495 694 recentioribus
1532 654 1630 693 nihil
1685 655 1688 657 ’

229 717 349 757 habet
377 718 619 758 offensionis.
676 718 805 765 Quid?
843 720 949 769 quod
985 724 1066 759 tam
1098 720 1197 760 levis
1224 719 1303 758 ista
1331 718 1628 758 constructionis

229 783 394 822 mutatio
424 787 495 833 est,
523 787 567 822 ut
595 783 803 834 scriptores
830 784 907 835 ipsi
935 784 984 823 de
1014 796 1061 824 ea
1088 796 1166 823 non
1194 783 1389 834 cogitasse
1407 782 1627 822 videantur.

308 847 409 887 Aliis
436 847 534 887 locis
563 844 606 885 ἄν
634 848 829 899 particula
856 861 926 899 per
954 849 1151 899 quandam
1170 848 1324 900 ellipsin
1342 848 1400 887 ita
1418 848 1559 887 dicitur
1584 851 1629 887 ut

230 910 282 950 ad
319 923 408 951 eam
442 911 499 963 εἴη
538 913 601 952 vel
637 915 707 950 εἶεν
744 913 997 964 intelligatur,
1035 925 1111 964 quo
1147 913 1187 952 in
1223 924 1365 963 genere
1400 913 1500 952 haec
1533 912 1627 952 mihi

230 976 411 1028 exempla
446 982 604 1028 praesto
634 981 742 1017 sunt:
780 977 829 1017 de
866 978 1032 1029 plantat.
1072 992 1110 1030 p.
1140 979 1229 1017 344.
1258 978 1308 1017 M.
1339 975 1493 1015 ὃελέατά
1524 991 1565 1027 γε
1595 978 1627 1015 οἱ

229 1038 294 1091 μὲν
322 1039 551 1092 ἁλιευόμενοι
580 1040 687 1093 μικρὰ
715 1040 899 1084 καθιέντες
928 1040 985 1081 ἐπὶ
1003 1045 1054 1094 τῷ
1072 1041 1154 1085 τοὺς
1174 1042 1316 1093 μείζους
1335 1039 1628 1093 ἁγκιστρεύεσθαι

226 1109 300 1142 τῶν
329 1104 467 1156 ἰχθύων
495 1104 537 1143 οὐ
567 1104 709 1157 σφόδρα
737 1104 780 1143 ἂν
809 1105 960 1144 ὑπαίτιοι
987 1110 1051 1157 τῆς
1078 1107 1154 1144 κατ’
1183 1105 1316 1157 ἀγορὰν
1336 1104 1520 1157 εὐετηρίας
1538 1119 1627 1157 προ-

227 1169 386 1207 νοεισθαι
424 1168 622 1221 φάσκοντες
649 1173 725 1210 κτλ.
766 1174 805 1209 et
838 1170 887 1209 de
916 1183 1020 1222 spec.
1058 1171 1161 1221 legg.
1190 1171 1256 1210 lib.
1285 1171 1315 1209 I.
1344 1171 1454 1209 initio
1492 1168 1558 1208 κᾶν
1596 1171 1627 1208 εἰ

227 1231 375 1284 ὂμνυναι
410 1233 530 1285 μέντοι
548 1232 738 1287 μβιάζοιντο
776 1235 812 1272 αἱ
847 1237 967 1285 χρεῖαι
1002 1233 1135 1286 πατρὸς
1166 1233 1191 1285 ἢ
1229 1232 1363 1286 μητρὸς
1392 1236 1532 1277 ζώντων
1561 1232 1626 1285 μὲν

227 1296 346 1348 ὑγείαν
375 1300 433 1336 καὶ
462 1298 647 1350 εὐετηρίαν
675 1297 983 1349 τετελευτηκότων
1009 1297 1049 1337 δὲ
1071 1298 1136 1349 τὴν
1156 1298 1298 1350 μνήμην
1319 1297 1426 1350 ὅρκον
1445 1296 1624 1349 ποιητέον.

225 1363 342 1402 Haud
371 1376 483 1402 secus
510 1364 624 1403 Plato
652 1364 692 1402 in
719 1364 824 1401 Prot.
855 1364 933 1402 328
961 1363 1005 1401 Β.
1046 1361 1141 1400 ἀλλὰ
1176 1361 1241 1400 κᾶν
1270 1364 1301 1400 εἰ
1329 1360 1449 1412 ὀλίγον
1476 1359 1549 1400 ἔστι
1575 1376 1625 1404 τις

226 1425 319 1469 ὅστις
348 1425 511 1479 διαφέρει
537 1426 643 1478 ἡμῶν
679 1425 894 1479 προβιβάσαι
923 1428 972 1469 εἰς
1001 1425 1132 1477 ἀρετὴν
1161 1425 1354 1477 ἀγαπητόν.
1410 1426 1481 1465 His
1508 1427 1624 1465 rebus

225 1492 415 1543 expositis
443 1492 589 1531 accedo
619 1492 671 1531 ad
700 1492 917 1543 optativum
945 1503 1058 1541 quem
1088 1490 1221 1530 dicunt
1247 1491 1511 1543 potentialem.
1566 1491 1623 1530 Ac

224 1556 391 1607 primum
419 1556 576 1606 quidem
603 1556 806 1596 Philonem
836 1556 1111 1596 convenienter
1138 1567 1225 1595 cum
1252 1555 1394 1595 Atticis
1431 1555 1624 1607 scriptori-

224 1621 297 1660 bus
326 1617 368 1658 ἄν
396 1621 628 1672 particulam
656 1622 696 1659 in
725 1634 771 1660 eo
801 1621 1029 1659 adhibuisse
1055 1619 1289 1659 monendum
1317 1623 1388 1659 est.

305 1684 552 1735 Quamquam
581 1685 688 1736 apud
716 1697 803 1724 eum
822 1685 886 1724 hic
904 1696 998 1724 usus
1017 1697 1096 1723 non
1115 1687 1298 1723 constans
1318 1687 1388 1723 est.
1430 1684 1502 1723 Est
1521 1683 1623 1722 enim

223 1749 291 1788 ubi
326 1750 402 1788 iste
439 1749 683 1799 imaginandi
718 1749 857 1788 modus
894 1745 937 1786 ἄν
972 1748 1166 1799 particula
1192 1747 1362 1786 nudatus
1390 1747 1622 1787 inveniatur.

224 1812 361 1859 Qualis
391 1817 452 1852 est
479 1814 588 1852 locus
618 1813 666 1852 tle
695 1813 768 1852 deo
798 1813 962 1853 colendo
992 1815 1078 1863 ejus
1105 1812 1196 1851 libri
1214 1812 1280 1862 qui
1300 1812 1348 1852 de
1367 1811 1543 1863 profugis
1563 1815 1623 1852 est

222 1891 260 1928 p.
291 1879 367 1917 559
395 1878 445 1916 Μ.
485 1876 578 1914 οὕτω
614 1875 681 1927 γὰρ
711 1876 829 1927 μόνως
866 1875 1125 1929 θεραπευτικὸν
1153 1875 1289 1926 γένοιτο
1317 1879 1380 1914 τοῦ
1408 1879 1480 1914 τῶν
1509 1872 1621 1914 ὄντων

224 1939 366 1992 ἀρίστου
394 1939 434 1979 τὸ
467 1939 504 1978 ὲν
532 1939 619 1992 ἡμῖν
649 1938 767 1984 αὐτοῖς
796 1938 948 1993 ἄριστον.
998 1940 1113 1988 Quod
1140 1944 1271 1981 autem
1297 1941 1338 1981 in
1365 1941 1414 1981 iis
1442 1941 1622 1982 enuncia-

221 2006 392 2046 tionibus
421 2018 522 2056 quae
550 2006 895 2057 interrogationem
915 2007 1114 2047 continent
1131 2006 1242 2045 Philo
1261 2018 1550 2056 nonnumquam
1578 2003 1620 2044 ἄν

220 2071 452 2122 particulam
481 2070 623 2121 omisit,
652 2071 759 2110 velut
787 2071 837 2111 de
865 2072 1027 2123 agricul.
1056 2085 1095 2123 p.
1124 2072 1202 2109 323
1230 2071 1280 2110 M.
1317 2067 1426 2108 ἔπειτ’
1460 2069 1501 2109 οὐ
1531 2085 1619 2123 προ-

221 2135 342 2178 δοσίας
371 2133 478 2186 μόνον
503 2133 597 2173 ἀλλὰ
616 2136 674 2173 καὶ
693 2138 831 2187 πολλῆς
851 2134 1068 2187 ἀναλγησίας
1088 2133 1339 2186 ὲξενηνοχότες
1358 2135 1429 2173 εἷεν
1449 2135 1621 2186 δείγματα

222 2201 253 2237 εἰ
283 2200 316 2237 οἱ
345 2198 410 2250 μὲν
439 2197 543 2238 ἄλλοι
571 2199 918 2251 προπολεμήσουσιν,
949 2198 1048 2238 αὐτοὶ
1077 2197 1117 2237 δὲ
1147 2196 1235 2251 πρὸς
1254 2202 1327 2242 τοῖς
1347 2199 1487 2242 οἰκείοις
1506 2199 1619 2251 πράγ-

222 2278 324 2314 μασιν
353 2261 513 2311 ἔσονταις
550 2264 624 2304 1100
653 2277 740 2304 011111
767 2278 846 2304 11011
873 2265 1047 2304 offendet
1074 2264 1139 2313 qui
1166 2264 1273 2315 ipsos
1301 2265 1454 2304 Atticos
1479 2268 1620 2315 poetas

219 2328 261 2367 in
287 2328 512 2379 hujusmodi
540 2328 637 2368 locis
664 2340 742 2368 non
770 2329 827 2368 ita
855 2329 1030 2369 solicitos
1051 2327 1101 2368 de
1120 2325 1162 2366 ἄν
1181 2328 1374 2380 particula
1393 2328 1619 2381 adjicienda

221 2393 342 2433 fuisse
370 2394 533 2433 noverit.
592 2394 672 2433 Sed
707 2406 784 2433 uno
821 2395 1021 2444 alteroque
1057 2395 1144 2432 loco
1174 2390 1217 2430 ἄν
1244 2394 1438 2445 particula
1464 2394 1618 2433 Philoni

219 2457 371 2496 restitui
399 2461 540 2508 potest.
595 2457 681 2504 Quo
710 2458 750 2496 in
777 2470 920 2509 genere
947 2457 1045 2498 illud
1071 2457 1317 2498 referendum
1345 2461 1416 2510 est,
1446 2458 1550 2509 quod
1577 2458 1618 2498 in

308 2596 330 2645 ¹)
353 2596 420 2631 vid.
444 2598 607 2641 Kruegeri
631 2609 679 2640 gr.
704 2608 756 2642 ep.
781 2599 832 2639 54,
856 2600 885 2639 3,
908 2599 937 2635 8,
