1732 2878
668 91 783 150 '15

63 220 158 262 libet
175 220 260 257 arte
279 215 332 255 ad
350 227 501 255 summa
518 217 721 268 pervenire
740 217 884 269 quippe
901 229 1003 267 quae
1022 215 1142 255 fontis
1160 216 1285 255 instar
1307 227 1460 266 semper

26 319 29 323 .
63 285 104 324 in
130 285 238 322 motu
266 281 318 320 sit
344 274 385 319 et
412 292 525 319 omne
551 285 847 332 praeceptorum
874 293 997 331 genus
1025 280 1168 319 tradat.

140 343 375 395 Progredior
402 343 455 383 ad
480 344 706 397 genitivum,
734 357 849 396 quem
867 344 920 384 ad
937 345 1098 384 verbum
1125 345 1362 396 κληρονομεῖν
1380 355 1460 382 11011

65 412 189 454 solum
214 413 368 450 veteres
396 409 604 461 scriptores
621 423 757 450 verum
784 411 903 449 etiam
930 414 1061 449 noster
1089 409 1242 459 ascivit,
1271 408 1384 447 sicuti
1409 408 1460 447 de

66 474 167 517 conf.
195 473 288 523 ling.
308 486 347 524 p.
367 475 444 512 416
473 473 533 512 ed.
560 474 609 512 M.
638 474 706 513 ubi
733 474 933 525 amphoris
965 473 1171 512 verborum
1199 473 1369 511 ambitus
1395 471 1460 511 hic

65 543 125 581 est
151 538 260 578 finis:
289 535 480 588 πράγματα
509 535 736 588 ὑφεστηκότα
762 539 821 575 καὶ
850 535 959 579 ὅντως
979 535 1151 588 ὑπαρκτὰ,
1182 534 1458 587 ἑστηλιτευμένα

65 603 103 641 ἐν
129 606 175 652 τῇ
202 605 266 638 τοῦ
296 605 412 651 σοφοῦ
440 601 578 651 διανοίᾳ
606 597 657 638 ὧν
684 602 743 638 καὶ
769 600 810 637 τὸ
840 600 1044 650 αὐτομαθὲς
1072 599 1174 649 γένος
1193 599 1313 637 Ἰσαὰκ
1332 602 1459 650 κλερο-

65 669 186 719 νομεῖ,
224 664 273 705 de
307 665 406 717 prof.
439 678 478 717 p.
508 666 584 705 548
619 665 669 704 Μ.
706 661 750 702 τὰ
785 663 853 716 γὰρ
892 662 1013 715 ἀγαθὰ
1047 667 1158 702 ταῦτα
1195 662 1366 715 φρόνησις
1401 663 1461 702 καί

66 728 278 782 σωφροσύνη
308 731 367 767 καὶ
396 730 432 767 αἱ
460 732 638 779 συγγενεῖς
666 733 886 779 περιποιοῦσι
920 727 1097 770 διαθέσεις
1135 724 1185 766 ὧν
1214 729 1250 765 αἱ
1279 727 1461 779 φιλάρετοι

65 795 175 848 ψυχαὶ
201 795 494 844 κληρονομοῦσιν.
541 793 744 843 Mangeius
772 792 928 843 quidem
957 788 981 830 ἅ
1005 793 1122 832 scribi
1140 793 1223 832 vult
1242 804 1301 843 ea,
1331 791 1459 842 credo,

67 858 259 900 sententia
277 858 417 897 ductus
435 862 478 897 ut
495 859 655 897 verbum
671 860 907 908 κληρονομεῖν
923 857 1030 908 apud
1042 857 1278 896 recentiores
1292 857 1461 895 maxime

65 922 281 973 Aegyptios
318 922 526 973 scriptores
570 933 722 973 semper
764 933 852 960 cum
884 921 1110 960 accusativo
1142 921 1262 972 jungi,
1292 924 1460 972 putaret.

39 1018 44 1023 ,
67 987 145 1028 Sed
171 990 334 1036 utroque
353 986 439 1025 loco
459 987 674 1025 renituntur
692 986 781 1025 libri
800 998 892 1025 msc.
914 986 1128 1036 genitivum
1147 981 1198 1023 ὧν
1220 985 1459 1035 exhibentes,

67 1052 161 1091 Cum
194 1050 332 1089 eodem
373 1062 467 1089 casu
507 1049 804 1101 καταστορὲννυμι
842 1051 895 1089 ad
923 1050 1214 1089 similitudinem
1255 1050 1460 1089 verborum

67 1113 272 1166 πιμπλάναι,
299 1117 460 1166 πληροῦν
479 1115 643 1154 aliorum
662 1119 925 1154 constructum
942 1115 1108 1165 legimus
1127 1115 1167 1153 in
1186 1115 1251 1153 lib.
1272 1114 1322 1153 de
1340 1114 1458 1164 legat.

69 1180 120 1219 ad
155 1179 297 1218 Graium
334 1183 425 1218 tom.
461 1180 536 1228 III,
573 1193 611 1230 p.
649 1181 725 1218 579
762 1180 812 1218 Μ.
851 1177 1031 1230 εὐτρεπεῖς
1059 1177 1124 1228 γὰς
1155 1179 1244 1216 εἶναι
1271 1183 1342 1216 τῶν
1370 1176 1462 1216 κατὰ

66 1243 194 1295 Συρίαν
222 1246 479 1294 στρατιωτικῶν
500 1241 684 1294 δυνάμεων
703 1241 765 1286 τὰς
785 1243 1039 1295 μαχιμωτέρας
1059 1244 1098 1281 αἳ
1115 1247 1232 1281 πᾶσαν
1250 1242 1315 1293 τὴν
1337 1245 1461 1294 χώραν

68 1307 363 1358 καταστορέσουσι
391 1312 545 1358 νεκρῶν,
583 1320 700 1357 quum
727 1312 880 1347 veteres
908 1309 960 1347 ad
987 1309 1249 1362 hocverbum
1285 1308 1461 1346 dativum

70 1372 268 1411 adderent.
324 1372 398 1411 Hic
424 1385 501 1411 non
530 1372 700 1411 alienum
718 1372 790 1411 erit
810 1372 1047 1423 adjectivum
1067 1364 1346 1424 superlativum
1374 1384 1459 1411 cum

72 1436 241 1487 genitivo
279 1449 372 1476 casu
403 1439 584 1488 junctum
621 1436 824 1487 attingere.
879 1437 952 1476 Vel
979 1437 1219 1487 antiquiores
1253 1437 1462 1489 scriptores

67 1502 196 1540 varias
232 1513 295 1541 res
331 1502 431 1540 inter
468 1514 510 1541 se
546 1505 817 1552 comparantes
852 1502 929 1541 ista
963 1502 1248 1541 constructione
1284 1502 1345 1541 usi
1372 1505 1463 1541 sunt

70 1565 291 1615 aliquando,
312 1569 355 1603 ut
373 1565 581 1616 Euripides
601 1566 641 1603 in
659 1565 744 1616 Iph.
763 1566 851 1604 Aul.
870 1579 907 1604 v.
931 1567 1033 1605 1594
1053 1566 1114 1605 ed.
1133 1566 1306 1605 Nauck
1332 1563 1462 1615 ταύτην

70 1627 217 1678 μάλιστα
243 1632 307 1679 τῆς
336 1628 446 1680 κόρης
474 1627 680 1679 ἀσπάζεται,
709 1641 824 1679 quem
841 1629 970 1668 locum
997 1630 1300 1669 Matthiaeus
1319 1630 1384 1669 Gr.
1404 1642 1461 1679 gr.

68 1694 92 1741 ξ
111 1694 187 1732 464
217 1693 363 1733 citavit.
418 1694 554 1743 Neque
581 1706 674 1732 vero
701 1693 742 1732 in
770 1694 993 1744 hujusmodi
1020 1694 1116 1733 locis
1145 1706 1266 1733 causa
1293 1698 1365 1744 est,
1395 1706 1463 1732 cur

69 1757 355 1808 superlativum,
383 1762 426 1796 ut
454 1758 555 1797 male
582 1758 774 1809 praecipit
800 1758 1109 1798 Matthiaeus
1136 1759 1162 1798 l.
1190 1759 1229 1810 l.‚
1262 1772 1332 1810 pro
1362 1771 1462 1798 com-

67 1822 241 1871 parativo
269 1823 361 1875 poni
390 1826 619 1862 statuamus.
673 1824 796 1862 Immo
817 1824 874 1863 sic
891 1824 1021 1875 potius
1041 1824 1290 1863 statuendum
1307 1823 1463 1863 videtur

68 1888 110 1923 ut
136 1888 395 1938 superlativus
422 1888 502 1927 vim
530 1888 785 1939 comparativi
812 1888 852 1927 in
872 1901 915 1927 se
933 1888 1078 1928 habeat
1096 1889 1323 1928 admixtam.
1361 1889 1463 1931 Hinc

69 1948 112 1988 fit
143 1955 186 1990 ut
220 1964 270 1991 ex
303 1965 349 1992 eo
385 1953 580 2003 genitivus
618 1965 732 1992 casus
767 1953 872 1993 necti
899 1953 1035 2005 possit.
1092 1953 1211 2004 CuJus
1239 1953 1394 2004 generis
1422 1954 1463 1992 in

68 2013 262 2055 Philoneis
296 2017 395 2056 haec
431 2021 567 2055 extant
603 2018 802 2068 exempla:
850 2018 900 2056 de
936 2017 1070 2055 mundi
1107 2017 1200 2068 opif.
1236 2031 1274 2068 p.
1315 2019 1366 2056 33
1411 2018 1461 2056 M.

70 2074 202 2130 ἀνάγκη
232 2078 272 2118 δὲ
300 2079 488 2131 παγκάλου
516 2081 800 2132 παραδείγματος
824 2079 1007 2131 πάγκαλον
1036 2081 1125 2118 εἶναι
1155 2081 1309 2132 μίμημα.
1367 2081 1460 2119 Θεοῦ

70 2139 108 2177 δὲ
136 2142 239 2192 λόγος
267 2147 326 2182 καὶ
355 2144 463 2182 αὐτοῦ
492 2144 648 2186 κάλλους
669 2143 757 2195 ὅπερ
777 2144 869 2182 ἐστὶν
890 2144 927 2182 ἐν
949 2148 995 2194 τῇ
1015 2143 1119 2195 φύσει
1139 2146 1301 2196 αἰσθητῷ
1329 2144 1461 2186 κάλλος

70 2201 218 2254 ἀμείνων
257 2207 298 2246 οὐ
337 2207 582 2260 κοσμούμενος
620 2206 756 2257 κάλλει,
793 2208 928 2260 κόσμος
965 2208 1005 2246 δὲ
1043 2207 1150 2251 αὐτὸς
1184 2207 1234 2247 ὢν
1271 2210 1302 2247 εἰ
1335 2211 1392 2247 δεῖ
1420 2208 1460 2246 τὸ

71 2265 203 2319 ἀληθὲς
231 2274 342 2311 εἰπεῖν
370 2272 652 2325 εὐπρεπέστατος
681 2272 831 2323 ἐκείνου,
860 2286 961 2323 quae
988 2274 1109 2319 verba
1136 2279 1267 2313 vertas
1294 2274 1395 2312 hunc
1422 2274 1462 2311 in

69 2333 241 2374 modum:
271 2349 432 2377 necesse
460 2342 520 2377 est
546 2338 793 2389 pulcherrimi
821 2338 1024 2390 archetypi
1044 2338 1096 2377 sit
1114 2338 1267 2388 effigies
1288 2337 1462 2389 pulcher-

150 2551 180 2592 *)
202 2552 251 2587 De
274 2555 377 2587 verbo
404 2558 626 2597 παρευημερεῖν
658 2550 813 2587 consulas
842 2555 871 2586 si
901 2555 1014 2596 placet
1041 2553 1197 2586 Muelleri
1227 2553 1464 2587 annotationes

15 2600 23 2612 ”
70 2602 112 2634 ad
133 2604 209 2639 libr.
233 2608 275 2640 de
298 2608 415 2641 mundi
437 2608 517 2649 opif.
541 2619 574 2649 p.
597 2608 669 2640 280.
